4186 5128
993 227 1212 290 ...10-

261 405 295 460 et
317 395 508 460 ltiudorllus.
555 396 624 478 ligo
646 415 711 458 non
733 401 820 472 item,
843 397 986 462 lamae
1016 419 1079 460 noa
1103 403 1221 462 acriter
1243 403 1274 460 1ο
1305 400 1416 462 tibrum
1445 400 1634 480 inspiciens.
1657 435 1697 446 -
1720 400 1751 480 5.
1776 401 1812 462 61
1840 400 1932 480 η’βού-

260 483 344 546 λοντο
368 503 542 561 εισπραττον
564 483 634 544 loco
656 481 707 561 η’β.
730 481 886 562 ἔπραττον.
910 488 1130 546 Acutisaimus
1156 486 1415 547 Funhhaenelius
1438 490 1576 566 conjecit
1597 485 1646 564 η’β.
1668 481 1752 556 ὄντες
1774 483 1929 566 ἔπραττον.

260 591 301 652 Ar
325 610 361 648 επ
383 596 415 648 et
439 606 505 646 εισπ
526 589 559 650 in
583 587 653 648 cod.
676 589 710 646 Σ
728 605 791 648 σου
816 588 912 650 valde
928 587 1087 650 differunt.
1112 621 1153 634 -
1170 587 1201 668 §.
1219 590 1278 650 64:
1301 585 1573 668 ἐγκατελήφθησαν
1594 592 1675 668 (nou
1699 591 1931 670 ἐγκατελείφθη-

261 695 349 770 σαν),
372 691 432 752 sed
456 694 609 752 nostin
632 707 729 752 eraso
753 699 786 752 et
808 699 842 752 ut
864 691 992 754 videtur
1015 700 1113 754 autea
1136 700 1205 754 erat
1226 713 1256 768 η.
1287 693 1391 754 Prima
1413 711 1529 754 manus
1552 692 1582 754 h.
1605 694 1625 754 1.
1648 693 1761 754 eadem
1785 701 1836 756 est
1857 714 1931 756 cor·

260 807 389 866 rectrix.
405 801 492 882 ·-‘§.
510 804 569 864 65:
593 822 638 862 ωσ
658 821 716 883 pro
739 796 763 862 ὦ
786 797 892 880 α’νδρες
913 801 1076 880 Ἀθηναῖοι.
1104 803 1211 868 Ortum
1226 803 1302 866 illud
1324 821 1404 864 esse
1419 812 1494 884 puto
1516 803 1739 884 ecornpendio
1761 776 1794 882 ύι,
1816 825 1931 886 quam-

261 927 358 989 quam
381 908 454 969 alibi
476 910 509 968 in
531 909 565 966 Σ
583 905 615 968 id
646 925 709 968 nou
740 909 937 970 invenimus.
968 907 1014 970 lle
1042 907 1166 988 reliqua
1192 906 1288 988 hujus
1319 905 1350 986 5.
1373 910 1531 970 varietate
1561 907 1624 968 alio
1646 907 1727 970 loco.
1751 943 1792 954 -
1812 907 1843 988 5.
1865 912 1929 970 71:

260 1032 330 1080 τοος
344 1010 447 1080 eidnec
468 1027 533 1090 pr.;
556 1027 673 1072 manus
689 1011 819 1072 Saeculi
835 1011 899 1070 xlv
914 1014 1027 1072 merito
1043 1014 1184 1074 correxit
1198 1013 1232 1072 iu
1246 1020 1308 1080 τοῖς
1322 1005 1428 1080 dilen.
1458 1010 1533 1072 ibid.
1553 1011 1729 1088 παραόωμεν
1750 1031 1796 1092 pr.
1810 1031 1930 1074 manus

261 1133 319 1195 pro
341 1112 566 1192 παρακούοῖμεν,
590 1113 676 1194 quod
698 1132 813 1174 manus
837 1115 1026 1196 calligraphi
1050 1123 1105 1176 aut
1128 1115 1192 1176 alia
1214 1113 1360 1194 ejusdem
1377 1117 1492 1176 aetatis
1515 1117 1752 1194 superscripsit.
1788 1117 1833 1176 lle
1854 1117 1929 1177 reli-

262 1222 336 1299 quis
358 1218 420 1278 atio
443 1218 527 1278 loco.
550 1252 589 1262 -
614 1217 644 1296 5.
668 1217 710 1278 52
733 1237 797 1278 non
821 1217 917 1280 habet
940 1237 978 1298 pr
998 1219 1031 1276 Σ
1050 1238 1095 1278 εισ
1115 1240 1170 1296 την
1191 1218 1285 1290 πολιν,
1308 1225 1341 1278 ut
1362 1227 1436 1298 post
1462 1217 1640 1278 beaterum
1663 1219 1841 1280 Diodorhus
1863 1227 1930 1280 tra·

262 1322 348 1396 didit,
370 1321 456 1382 unde
485 1321 748 1382 l'uulohacnelins
778 1324 940 1402 conjecit:
975 1317 1037 1382 ἔστι
1065 1318 1120 1400 τὴν
1149 1319 1268 1398 πολλὴν.
1298 1321 1386 1382 Nunc
1418 1323 1451 1380 Σ
1476 1321 1572 1382 habet
1595 1318 1682 1392 ἔστιν,
1712 1321 1771 1383 sed
1802 1331 1870 1384 eet
1895 1332 1931 1384 ut

262 1425 388 1488 videtur
410 1447 426 1484 ν
448 1429 479 1486 in
504 1443 610 1486 eraso.
635 1426 750 1486 ambae
773 1426 885 1486 literae
908 1431 984 1488 sunt
1006 1428 1111 1505 ipsius
1135 1424 1332 1506 calligraphi.
1356 1433 1420 1486 tum
1444 1427 1588 1504 proxime
1612 1444 1656 1504 pr.
1683 1425 1814 1486 dederat
1834 1424 1930 1500 πόλιν,

261 1531 313 1592 cni
337 1533 496 1590 recentior
523 1529 669 1604 (Saeculi
692 1528 781 1605 1111)
808 1528 928 1590 addidit
949 1528 966 1585 1
988 1535 1020 1606 et
1044 1532 1179 1590 mutavit
1202 1537 1381 1600 accentum,
1406 1535 1439 1590 ut
1462 1531 1504 1588 sit
1528 1525 1606 1588 ἔστιν
1627 1527 1735 1590 nolito.
1759 1533 1818 1590 sic.

348 1631 437 1706 Quae
461 1633 624 1712 Sauppius
651 1633 766 1711 (Epist.
790 1632 830 1694 ad
853 1633 1026 1693 Hermann.
1057 1651 1087 1711 p.
1112 1633 1239 1712 disq.)
1273 1631 1392 1692 aPhil.
1416 1633 1428 1692 l
1451 1632 1580 1714 collegit
1606 1635 1685 1692 vitia
1707 1632 1839 1708 codicis,
1862 1651 1929 1694 non
2045 1649 2046 1672 t

263 1740 371 1798 omnia
392 1739 551 1814 vitupero.
589 1735 635 1794 De
658 1739 721 1794 darei
744 1731 775 1796 εἴ
790 1757 836 1796 τοι
858 1735 889 1815 5.
906 1735 944 1810 2;
967 1735 1007 1797 de
1030 1734 1218 1817 παραστῆσαι
1247 1733 1279 1814 5.
1306 1735 1362 1810 17;
1391 1729 1472 1803 ὅπως
1492 1731 1532 1812 μή
1555 1731 1693 1810 ποιήσητε
1716 1735 1745 1814 5.
1766 1736 1822 1808 20;
1852 1733 1930 1814 εἶχον
2046 1769 2047 1782 ι

263 1840 294 1921 5.
319 1842 371 1914 51,
394 1843 426 1900 in
450 1843 535 1900 notis
559 1841 678 1900 criticis
702 1857 848 1920 agemus.
887 1838 951 1900 Sed
973 1837 1003 1918 §.
1028 1838 1066 1900 3:
1095 1833 1247 1916 βούλησθε
1270 1839 1303 1896 Σ
1321 1857 1393 1900 cunr
1409 1839 1555 1900 omnihus
1578 1839 1665 1898 libris
1681 1857 1736 1917 pro
1758 1835 1930 1916 βούλοισθε.

264 1985 304 1998 -
329 1951 359 2030 5.
385 1954 421 2014 4;
446 1973 511 2027 opta
533 1969 606 2012 cum
630 1951 702 2010 aliis
730 1951 838 2012 miritis
861 1968 918 2028 pro
942 1953 1064 2029 aptiore
1087 1947 1165 2026 ἡμῖν.
1190 1984 1229 1994 -
1251 1949 1282 2028 5.
1306 1954 1342 2010 t:
1366 1939 1487 2025 leotadio
1509 1949 1620 2011 eadem
1637 1969 1742 2011 manu.
1768 1950 1929 2030 -5.10;

262 2052 411 2134 περιόντες
432 2073 469 2134 pr
489 2056 528 2128 Σ,
559 2053 937 2134 οεάε]ιιει1εια·αοίιιίίε
968 2071 1049 2114 corr.
1087 2061 1174 2114 recte
1205 2053 1324 2114 addidit
1346 2074 1364 2113 ι.
1399 2053 1484 2114 lnl'ra
1512 2052 1543 2132 5.
1567 2053 1609 2114 48
1630 2051 1777 2132 περιόντες
1804 2055 1932 2135 reliquit
2049 2122 2050 2138 η

263 2167 425 2242 corrector
448 2159 517 2220 loco
540 2153 708 2234 περιιόντες.
747 2158 824 2218 11ειο
847 2160 971 2236 passim
995 2160 1026 2216 in
1049 2158 1088 2231 Σ,
1119 2156 1259 2236 nihilque
1283 2155 1482 2237 frequentius
1506 2159 1601 2218 etiam
1625 2160 1655 2216 in
1686 2157 1758 2216 aliis
1789 2161 1931 2237 antiquis
2049 2143 2050 2164 ³

261 2263 352 2324 libris
383 2279 477 2342 qnam
507 2258 615 2338 περιών
647 2279 703 2339 pro
734 2257 860 2338 ceponio.
896 2259 961 2321 l'id.
991 2259 1109 2320 Birclrh.
1141 2259 1182 2320 ad
1211 2259 1361 2339 Hyperid.
1387 2260 1510 2341 Fragm.
1540 2261 1659 2321 Harris.
1690 2261 1745 2319 No.
1768 2261 1816 2320 Ill.
1839 2261 1872 2320 C.
1899 2263 1931 2320 6.

262 2368 372 2442 „Satis
394 2373 521 2426 constat
543 2365 584 2426 de
608 2364 669 2425 hac
691 2365 795 2426 forma
818 2383 860 2426 ex
883 2365 1017 2424 comicis
1039 2365 1145 2442 poetis
1167 2397 1225 2437 —-‚
1249 2366 1302 2443 qui
1323 2381 1418 2442 quum
1435 2367 1523 2424 vitae
1539 2363 1804 2424 cousuetudinem
1820 2373 1930 2424 secta-

263 2478 382 2543 rentur,
404 2489 446 2530 no
468 2472 501 2530 in
524 2467 728 2547 pedestribus
756 2467 884 2549 quidem
907 2467 1115 2546 scriptoribus
1139 2465 1221 2527 haec
1250 2466 1352 2528 lorma
1373 2467 1570 2528 librariorum
1599 2467 1726 2530 videtur
1748 2471 1932 2530 oscitationi

263 2573 432 2636 tribuenda
454 2577 560 2634 essc“
584 2572 650 2632 rell.
675 2571 913 2634 Schneidewin.
942 2571 983 2632 ad
1005 2570 1156 2650 Hyperid.
1180 2570 1296 2632 Arden.
1328 2590 1358 2649 p.
1383 2571 1434 2632 66.
1457 2579 1489 2630 et
1512 2591 1542 2650 p.
1559 2571 1630 2630 llllll
1654 2589 1681 2632 s.
1698 2590 1730 2630 v.
1755 2605 1795 2618 -
1819 2570 1849 2650 §.
1873 2572 1932 2632 ll:

264 2674 423 2752 ἐπεύξηκεν
445 2683 478 2736 ut
501 2674 627 2755 olynth.
649 2676 689 2734 tlt
712 2673 743 2754 §.
767 2675 808 2736 29
832 2669 966 2750 ηὔξηκεν.
1005 2675 1050 2734 [lc
1066 2673 1127 2734 hac
1149 2673 1251 2734 forma
1271 2674 1333 2734 elio
1355 2673 1435 2734 loco.
1461 2707 1499 2720 -
1524 2673 1555 2752 5.
1584 2673 1638 2736 13:
1661 2674 1742 2750 ύοκηι
1763 2694 1819 2754 pro
1840 2676 1932 2734 δοκεῖ.

264 2781 312 2842 Cf.
329 2780 412 2842 inira
424 2799 455 2858 p.
473 2779 507 2839 11
525 2786 606 2839 extr.
625 2813 666 2823 -
684 2777 715 2857 §.
734 2779 788 2840 15ε
812 2775 853 2847 ὡς
867 2795 924 2857 pro
946 2773 988 2848 ὃς,
1004 2777 1064 2838 sed
1082 2796 1154 2838 cum
1171 2777 1274 2838 obelo.
1292 2809 1329 2822 -
1349 2776 1424 2840 thid.
1439 2773 1592 2836 καταλύων
1610 2797 1667 2856 pro
1683 2775 1809 2838 κωλύων.
1839 2779 1932 2840 Com-

264 2884 416 2966 pendium
431 2884 683 2963 praepositionis
702 2890 771 2944 erat
786 2885 904 2942 erroris
920 2896 1086 2942 causa.·-
1100 2879 1134 2959 §.
1151 2880 1207 2940 19:
1230 2876 1285 2940 κᾶν
1299 2879 1405 2941 τινούν.
1422 2879 1540 2942 excidit
1562 2878 1595 2940 ὁν
1610 2888 1683 2960 post
1705 2903 1749 2940 αν.
1767 2917 1806 2926 -
1824 2880 1854 2960 5.
1873 2882 1930 2944 23:

264 2983 339 3048 πολύ
362 3006 488 3065 στρατος
514 2987 553 3063 (i.
577 3004 606 3046 e.
634 2981 875 3063 Πολύστρατος).
899 2980 1022 3046 interd
1051 2990 1084 3044 et
1114 3003 1133 3042 σ
1155 2982 1273 3064 aliquid
1300 2985 1422 3046 recenti
1445 2991 1620 3046 atramento
1643 2984 1781 3046 deletum
1804 2991 1863 3046 cst.
1886 3019 1932 3030 —

265 3089 297 3168 5.
322 3090 359 3150 31
391 3097 467 3152 ante
496 3085 604 3150 τύπον
633 3088 738 3150 codex
770 3091 877 3150 omisit
905 3086 967 3150 τὸν.
991 3121 1031 3132 -
1057 3086 1087 3167 5.
1111 3087 1153 3148 33
1176 3083 1197 3146 ἂ
1219 3105 1283 3148 uon
1313 3094 1388 3148 ante
1415 3085 1444 3145 δ’
1478 3087 1582 3148 codox
1611 3090 1728 3160 omisit,
1752 3095 1786 3148 ut
1806 3087 1931 3150 tradidit

264 3194 444 3267 Betthorus,
467 3191 527 3254 scd
551 3200 626 3252 aute
648 3191 733 3270 λέγω.
757 3225 796 3238 -
821 3191 852 3272 5.
876 3191 940 3252 35:
971 3189 1031 3252 τῶν
1059 3191 1178 3269 καιρῶν,
1198 3189 1258 3250 τῶν
1280 3193 1321 3260 εἰς
1344 3187 1504 3267 Μεθώνην,
1525 3189 1585 3250 τῶν
1607 3192 1649 3258 εἰς
1671 3187 1818 3269 Παγάσας
1843 3191 1929 3269 (sic)

267 3297 384 3356 -τῶν
407 3296 626 3365 εύςΠοτίύαιαν
647 3313 705 3375 pro
727 3292 780 3354 τύν
802 3297 843 3354 εἰ·
864 3329 904 3340 -
928 3292 981 3355 τὸν
1002 3292 1166 3364 εἰς-τὸν
1188 3295 1238 3363 εἰς.
1262 3327 1302 3340 -·
1327 3293 1357 3374 5.
1375 3295 1432 3355 41:
1456 3288 1564 3364 ἄλλοθί
1582 3315 1632 3354 ποι
1654 3313 1710 3374 pro
1733 3288 1842 3356 dilect
1860 3316 1930 3356 nov.

267 3432 307 3442 -
325 3397 428 3478 5.13;
452 3401 480 3458 cl
492 3395 666 3474 -aoldopa
686 3400 737 3474 (nt
753 3398 792 3475 F)
811 3416 868 3478 pro
892 3395 1089 3460 ot-aoldon,
1117 3398 1197 3458 Sunt
1213 3393 1273 3478 qur‘
1282 3401 1378 3460 etiam
1396 3401 1428 3460 in
1445 3401 1597 3480 genuinis
1614 3397 1837 3460 Demosthenis
1849 3398 1932 3460 locis

267 3504 296 3562 εἰ
315 3521 388 3562 curu
404 3505 610 3581 conjunctivo
627 3500 810 3563 defendant.
841 3502 909 3562 Nou
929 3503 1037 3582 probo.
1068 3502 1161 3564 Plura
1182 3501 1332 3582 exempla
1354 3501 1449 3580 hujus
1472 3504 1590 3562 erroris
1612 3501 1695 3564 inira
1718 3501 1872 3562 dabimus.
1887 3535 1929 3546 -

268 3604 299 3684 5.
323 3606 364 3666 16
387 3606 419 3663 Σ
437 3622 503 3666 non
526 3605 622 3666 habet
645 3601 779 3681 ἡττῆται,
808 3605 867 3669 scd
898 3607 1081 3666 rectissime
1103 3602 1219 3683 ἡγῆται.
1241 3639 1284 3648 -
1306 3603 1382 3666 lbid.
1406 3611 1479 3684 post
1498 3597 1542 3678 pia
1565 3623 1625 3666 om.
1649 3598 1695 3666 ύν.
1721 3636 1759 3650 -·
1784 3603 1815 3684 5.
1838 3603 1875 3664 51
1894 3623 1934 3684 pr

268 3708 421 3779 σονοίοων,
445 3707 560 3770 sedin
583 3729 607 3766 ω
630 3707 738 3770 ultima
760 3710 916 3789 particula
938 3727 1035 3770 erasa
1056 3708 1193 3782 videtur,
1217 3715 1375 3798 accentus
1399 3709 1528 3770 relictus
1551 3715 1613 3779 est,
1637 3715 1671 3768 ut
1693 3710 1735 3770 sit
1756 3707 1898 3770 cornicor.

355 3812 390 3870 ln
420 3811 558 3874 Midiana
580 3811 720 3872 bleierus
743 3812 874 3893 collegit
903 3811 985 3874 haee
1016 3811 1138 3874 codicis
1161 3812 1246 3874 illius
1268 3813 1369 3874 vitia:
1403 3811 1433 3891 5.
1465 3811 1526 3872 112
1552 3808 1647 3888 νόμων
1676 3829 1732 3890 pro
1757 3806 1872 3886 ὁμοίων.
1891 3845 1932 3857 -

269 3913 299 3994 5.
328 3914 405 3975 131ι
430 3933 602 3994 επεχαιρονν
623 3932 681 3993 pro
704 3917 867 3994 ἐπέχαιρον,
890 3923 1058 3997 utmergo
1081 3915 1209 3976 Saeculi
1231 3913 1284 3986 111,
1310 3933 1382 3976 cum
1406 3923 1482 3976 nota
1507 3935 1551 3994 γρ.
1576 3948 1615 3960 -
1639 3913 1670 3994 5.
1690 3914 1767 3974 litt:
1790 3918 1935 3994 ἐχειροτο-

268 4014 376 4094 νήσατε
399 4035 456 4096 pro
485 4013 789 4096 κατεχειροτονήσατε.
814 4018 940 4080 Excidit
965 4039 1020 4078 κατ
1044 4019 1139 4080 facile
1163 4020 1245 4080 inter
1266 4037 1373 4089 εκεινος
1396 4025 1427 4080 ct
1450 4038 1519 4097 εχει.
1541 4053 1584 4064 -
1606 4015 1638 4096 5.
1665 4017 1725 4078 litt)
1746 4036 1797 4103 pr.
1816 4035 1877 4078 om.
1901 4020 1934 4076 ἐν

250 4127 343 4200 ‚post
366 4119 460 4182 ούύεν.
482 4119 628 4184 Additum
650 4128 701 4182 est
721 4120 836 4184 eadem
856 4127 972 4184 aetate.
996 4153 1035 4166 -
1059 4119 1169 4200 5195
1193 4124 1299 4182 omisit
1325 4125 1373 4180 aot
1394 4119 1569 4200 onocoetae,
1592 4127 1627 4181 ut
1649 4120 1786 4195 videtur,
1808 4123 1931 4196 merito,

270 4226 346 4304 quia
369 4243 473 4302 paene
495 4223 648 4286 tumidum
670 4231 722 4286 est
744 4231 819 4304 post
839 4219 986 4300 τοσαύτης
1004 4222 1213 4304 ὑπερηφανίας.

357 4325 396 4388 Ut
420 4331 549 4406 penitus
565 4334 679 4388 natura
695 4330 842 4390 vitiorum
865 4328 933 4390 libri
949 4331 1170 4408 perspiciatur,
1186 4326 1301 4390 addam
1317 4328 1390 4390 alia.
1414 4347 1546 4405 οημωνος
1567 4327 1679 4390 Neaer.
1703 4325 1734 4408 5.
1750 4327 1791 4388 25
1814 4327 1873 4388 bis.
1891 4359 1932 4373 --

249 4413 424 4506 ,σαλαμῆνη
448 4429 533 4491 linea
547 4436 690 4492 notatum
713 4439 765 4492 est
794 4452 824 4506 η,
851 4434 1104 4512 superscriptum
1133 4451 1143 4488 ι
1172 4438 1223 4492 est
1250 4449 1346 4492 manu
1375 4430 1522 4511 ejusdem
1545 4434 1674 4504 aetatis,
1703 4432 1745 4494 ib.
1769 4429 1800 4509 §.
1823 4431 1874 4490 95.
1889 4463 1933 4478 --

251 4532 413 4609 ,οαλαμηνι
427 4551 491 4614 pn,
515 4539 692 4599 correctum
711 4536 745 4596 in
764 4533 897 4611 σα1αμινι
926 4551 1022 4596 eraso
1040 4533 1168 4596 dimidio
1190 4555 1209 4610 η
1231 4533 1304 4605 ibid.
1328 4533 1359 4615 5.
1380 4535 1432 4596 97.
1456 4569 1496 4580 -
1520 4553 1697 4612 αρτεμησιωι
1718 4535 1760 4596 ib.
1783 4532 1813 4613 5.
1826 4533 1877 4594 95.
1892 4565 1932 4578 -

269 4631 337 4696 τότε
361 4654 418 4716 pro
440 4657 518 4698 ποτε.
535 4635 659 4698 luncbr.
683 4635 723 4717 5.
742 4637 769 4699 1.
793 4669 833 4684 ·-
856 4637 936 4700 Phil.
959 4637 996 4698 tv
1019 4637 1050 4718 5.
1074 4639 1114 4698 51
1138 4635 1191 4718 ἀφ’
1214 4655 1271 4718 pro
1293 4636 1353 4718 ἐφ’.
1377 4669 1417 4684 -
1442 4638 1471 4719 5.
1496 4639 1537 4700 62
1560 4637 1608 4718 ἐφ’
1632 4655 1689 4718 pro
1710 4635 1762 4715 ὑφ’
1780 4669 1820 4682 -
1844 4637 1934 4716 Lept.
