4186 5128
941 207 1216 309 ·,3„

294 425 368 502 ipse
397 425 472 482 sire
494 421 587 482 rubro
616 421 722 482 colore
748 423 822 482 sire
845 428 924 482 atro.
954 439 1028 482 nam
1055 438 1172 482 manns
1201 421 1294 483 rubro
1313 424 1465 486 scribens
1491 431 1543 486 est
1564 425 1678 488 eadem
1703 446 1787 510 quae
1802 431 1952 513 ¹reliquas
2043 455 2044 468 ¹

294 525 441 605 ejusdem
471 535 581 604 partes
607 531 783 586 atramento
813 524 1014 586 flavescente
1044 526 1098 586 vel
1125 525 1333 588 rubrescente
1360 531 1489 606 scripsit
1517 529 1712 610 calligraphi.
1745 534 1844 595 Doleo
1864 537 1951 622 qnod

294 629 381 690 facta
410 631 526 690 similia
556 633 701 710 imagine
728 633 761 690 in
797 627 928 690 etiamn
965 647 1059 690 usum
1086 637 1232 708 repetere
1266 649 1330 690 uon
1359 649 1505 710 possum.
1544 633 1682 696 Eandem
1713 653 1792 698 esse
1819 645 1947 702 manum

295 734 379 794 rubri
402 733 519 794 eoloris
542 743 575 794 et
596 732 784 813 calligraphi
813 733 1004 813 reliquorum
1027 735 1195 794 verborum
1225 734 1444 796 concludimus
1472 743 1514 798 ex
1535 740 1625 799 initio
1645 757 1774 820 quoque
1796 747 1950 806 orationis
2043 723 2044 726 Ἴ

295 856 325 898 ο.
348 837 552 898 Leocharem.
576 855 650 898 uam
672 837 764 897 litera
784 829 915 898 initfilia
936 839 963 896 Α
986 844 1060 898 ante
1082 837 1235 918 reliquam
1259 838 1374 898 lineam
1398 839 1491 900 rubro
1515 845 1664 920 scriptam
1687 861 1751 904 uon
1769 847 1873 922 rubro,
1889 847 1949 910 sed

295 940 420 1006 eodem.
443 959 506 1022 qno
529 958 642 1002 omnes
665 940 807 1020 reliquae
830 941 945 1013 lineae,
961 948 1136 1002 atramento
1160 949 1192 1002 et
1214 941 1326 1003 eodem
1346 947 1412 1004 acri
1434 945 1592 1006 metallico
1610 946 1711 1026 (quod
1727 967 1811 1010 nunc
1826 947 1949 1012 dicere-

294 1063 366 1112 mus
389 1043 585 1122 Stabll'eder)
619 1048 739 1124 scripta
770 1053 831 1106 est.
872 1045 930 1107 Ubi
958 1047 1055 1126 igitur
1076 1049 1109 1104 iu
1132 1049 1284 1106 correctis
1307 1044 1420 1134 eadem
1442 1046 1601 1109 literarum
1624 1049 1735 1145 forma,
1757 1041 1948 1133 quamquam
2043 1133 2044 1144 γ

294 1153 491 1229 saepissime
513 1156 641 1228 propter
663 1157 836 1230 angustum
864 1152 1001 1228 spatium
1024 1151 1127 1208 minor
1160 1150 1261 1228 (quae
1280 1149 1370 1211 nund
1387 1149 1499 1212 dicitur
1528 1156 1660 1215 cursiva
1684 1159 1829 1234 manus),
1852 1161 1947 1220 etiam

294 1254 493 1332 compendiis
510 1256 742 1333 antiquissimis
758 1245 906 1324 adhibita,
933 1252 1018 1313 idem
1034 1249 1253 1326 atramentum,
1268 1253 1351 1314 ideln
1367 1253 1442 1316 illud
1456 1257 1699 1320 instrumentum
1716 1278 1789 1321 acre
1805 1272 1946 1340 apparet,

293 1357 482 1438 calligraphi
503 1361 657 1437 principis
676 1375 805 1438 manum
828 1356 986 1417 videmus.
1022 1357 1120 1450 Etiam
1144 1337 1201 1416 ubi
1223 1356 1370 1436 pallidius
1394 1356 1519 1437 quidem
1535 1358 1655 1422 lactum
1671 1369 1723 1422 est
1738 1371 1946 1426 atramentum

292 1463 368 1522 sive
396 1470 539 1540 tempore
561 1464 635 1522 sive
660 1479 745 1541 aqua
773 1479 793 1520 a
820 1461 926 1521 scribe
960 1468 1057 1521 aucta'
1074 1460 1103 1534 *,
1145 1459 1203 1520 sed
1232 1459 1377 1539 ejusdem
1407 1463 1606 1527 instrumenti
1629 1465 1838 1548 ejusdemque
1868 1472 1947 1530 artis
2043 1525 2044 1546 ,

292 1583 423 1644 operam
432 1565 591 1640 videmus,
604 1565 740 1626 eundem
753 1564 982 1646 calligraphnm
998 1567 1182 1625 correxisse
1196 1573 1346 1644 putamus
1358 1565 1494 1644 quidem,
1506 1573 1670 1646 praestare
1682 1587 1747 1630 non
1760 1573 1945 1650 possumus.
2043 1609 2044 1624 ι

380 1669 537 1748 Principis
559 1677 592 1729 et
614 1670 747 1729 alterius
770 1668 956 1750 calligraphi
980 1686 1094 1729 manns
1110 1671 1184 1728 sive
1206 1668 1298 1727 rubro
1321 1669 1427 1730 colore
1449 1672 1522 1746 siue
1537 1669 1651 1750 pallido
1673 1677 1849 1736 atramento
1871 1678 1947 1738 sub-

294 1783 473 1860 scripsisse
495 1780 622 1842 videtur
644 1787 678 1858 γί,
709 1782 772 1842 alia
793 1799 908 1841 manns
931 1745 990 1858 ph,
1018 1781 1080 1840 alia
1112 1777 1286 1858 Λιιίρθωται
1311 1782 1442 1859 μετρίως
1462 1783 1484 1843 i.
1512 1802 1540 1844 e.
1578 1786 1659 1842 sade
1688 1781 1860 1849 conectam
1886 1795 1943 1848 est.

294 1884 376 1945 Aliis
399 1885 611 1965 subscriptum
635 1894 686 1946 est
707 1881 897 1963 Ἀντιβλήθη.
942 1886 987 1945 De
1009 1881 1165 1960 διορθώσει
1186 1892 1259 1964 post
1289 1885 1390 1944 Wollii
1417 1885 1647 1968 Prolegomena
1675 1887 1763 1948 Hom.
1794 1899 1826 1951 et
1847 1893 1945 1953 Lehr-

294 1991 377 2049 sium
405 1989 463 2065 (de
485 1990 686 2067 Aristarcho)
714 2007 777 2050 non
801 1989 999 2050 morabimur.
1037 1989 1082 2048 De
1104 1988 1336 2050 correctoribus
1365 1987 1407 2050 ci.
1430 1989 1547 2068 Schola
1570 1991 1717 2072 Prolegg.
1739 1995 1772 2053 in
1793 1993 1944 2059 EdNov.
2043 1993 2044 2004 ’

293 2091 380 2153 Test.
404 2091 434 2172 ς.
459 2093 488 2154 2.
526 2093 632 2173 Ejusd.
662 2093 829 2154 lutroduct.
857 2097 889 2154 in
920 2093 1017 2152 libros
1048 2109 1161 2152 sacros
1185 2092 1218 2152 T.
1240 2093 1263 2151 l.
1286 2112 1317 2172 p.
1344 2091 1413 2152 133.
1452 2093 1552 2156 Unum
1580 2094 1684 2156 locum
1714 2095 1944 2176 describamus,
2043 2155 2044 2158 ,

293 2197 347 2256 nbi
369 2195 538 2274 κατορθοῦν
560 2197 630 2258 loco
653 2195 793 2275 διορθοῦν
815 2201 844 2258 is
867 2196 988 2270 dicitur,
1012 2199 1066 2276 qui
1088 2195 1252 2276 exemplar
1288 2195 1357 2272 (die
1379 2197 1556 2276 Abschrift)
1590 2218 1662 2260 curn
1685 2201 1830 2280 exemplo
1853 2203 1944 2280 (dem

293 2297 453 2381 original)
482 2301 595 2362 eedem
623 2301 769 2362 collatum
804 2297 1014 2378 (οἷντιβληθέν)
1040 2301 1178 2382 corrigit.
1214 2301 1367 2361 irenaeus
1397 2319 1447 2381 ap.
1476 2300 1592 2364 Euseb.
1615 2303 1694 2364 llist.
1723 2304 1805 2365 Eccl.
1827 2305 1860 2379 l,
1883 2306 1941 2366 20:
2043 2345 2044 2376 τ

291 2399 407 2482 Ὁρκίζω
429 2423 462 2464 σε
483 2401 535 2464 τὸν
555 2401 821 2485 μεταγραψείμενον
842 2401 877 2464 τὸ
898 2403 1008 2482 βιβλίον
1028 2404 1127 2476 τοῦτο,
1140 2439 1179 2450 -
1194 2399 1239 2464 ἵνα
1261 2399 1415 2483 ἀντιβάλῃς
1437 2401 1454 2466 d
1473 2403 1660 2486 μετεγράψω,
1679 2411 1727 2466 acl
1741 2405 1943 2488 κατορθώσῃς.

378 2508 445 2569 Non
467 2515 553 2569 totus
583 2510 616 2566 Σ
641 2517 804 2571 correctus
827 2516 889 2582 est,
917 2512 979 2569 imo
1013 2512 1183 2570 maximam
1213 2516 1333 2588 partem
1361 2518 1560 2572 correctores
1589 2529 1653 2572 nou
1682 2514 1873 2574 reviserunt.
1909 2514 1944 2573 ln

292 2609 357 2672 flue
381 2629 425 2673 or.
449 2631 477 2674 c.
502 2611 628 2674 Onetor.
651 2615 678 2674 ll
701 2614 754 2676 fol.
778 2613 840 2674 389
864 2617 998 2674 occurrit
1021 2609 1074 2682 ἕως
1096 2605 1153 2672 ὧδε
1176 2621 1209 2690 5¹·
1247 2613 1324 2674 Tum
1346 2615 1379 2674 in
1403 2617 1604 2693 sequentium
1620 2609 1795 2676 orationum
1817 2617 1946 2678 clausu-

291 2715 332 2776 lis
355 2719 484 2797 siguum
507 2723 532 2794 ᾼ
554 2726 605 2778 est
628 2719 710 2779 alius
733 2737 848 2779 manus
872 2726 903 2778 et
922 2717 1047 2778 coloris.
1079 2716 1198 2790 Quibus
1218 2723 1323 2778 autem
1339 2719 1533 2779 orationibus
1549 2719 1602 2780 illa
1618 2717 1824 2780 correctionis
1848 2722 1946 2801 sigua

291 2821 474 2900 subscripta
497 2825 571 2896 siut,
593 2825 791 2902 apparebite
810 2823 917 2884 tabula
931 2822 1014 2882 iulra
1036 2821 1190 2882 addenda.
1212 2823 1383 2882 Nonnullas
1407 2839 1471 2882 non
1494 2823 1596 2884 solum
1620 2841 1690 2885 curu
1713 2841 1774 2884 suo
1797 2825 1945 2904 exemplo

290 2924 426 2986 collatas
449 2943 537 3001 esse,
561 2925 736 2988 sedetiam
761 2946 832 2988 curn
855 2927 917 2986 alio
940 2945 982 2987 ex
1005 2928 1208 2986 annotatione
1232 2925 1270 2986 ad
1287 2925 1359 2986 fals.
1383 2926 1447 3008 leg.
1470 2923 1500 3006 ς.
1525 2927 1582 2987 201
1608 2930 1640 2988 in
1656 2931 1800 3008 margine
1817 2927 1943 3007 adjecta

290 3035 424 3108 apparel
444 3011 522 3092 had:
546 3030 578 3090 σν·
601 3024 725 3092 ἄπωθεν
747 3030 837 3090 λείπει
858 3027 936 3107 ἡμᾶς
959 3033 1026 3108 (sic
1049 3049 1091 3090 ex
1113 3030 1211 3106 corr.)
1241 3025 1295 3098 ἕως
1315 3029 1369 3090 τοῦ
1399 3025 1488 3090 ἄλλον
1517 3027 1618 3108 ὁμοίου
1646 3031 1775 3107 σημείου.
1820 3033 1860 3092 At
1882 3032 1943 3092 hoo

291 3133 425 3194 alterum
449 3137 577 3216 signum
600 3137 633 3196 in
655 3137 688 3193 Σ
705 3155 768 3196 non
791 3138 952 3197 invenitur
973 3153 1034 3196 nec
1058 3136 1226 3214 quicquam
1249 3133 1341 3196 deest
1363 3137 1396 3196 in
1418 3141 1518 3196 textu.
1548 3137 1659 3215 ltaque
1683 3135 1813 3196 collator
1827 3139 1858 3196 iu
1883 3153 1944 3196 suo

291 3235 370 3298 libro
393 3237 541 3300 lacunam
568 3242 701 3314 notavit,
729 3257 825 3320 quum
853 3239 995 3302 codicem
1017 3239 1050 3296 Σ
1067 3257 1138 3299 cum
1173 3239 1235 3298 alio
1264 3239 1411 3318 exemplo
1442 3257 1536 3319 qnam
1566 3227 1650 3300 unde
1679 3239 1731 3301 hic
1763 3238 1943 3318 descriptus

291 3350 360 3403 erat
382 3343 552 3408 conferret.
589 3343 686 3404 Etiam
710 3347 741 3403 o
762 3337 840 3416 ἄλλῳ
871 3343 965 3404 habet
994 3361 1095 3424 marg.
1118 3341 1215 3422 Epist.
1241 3343 1255 3402 l
1281 3344 1314 3403 in
1340 3344 1437 3403 titulo.
1471 3342 1505 3404 ld
1526 3343 1594 3404 vult
1616 3364 1650 3422 γρ
1685 3345 1722 3421 (i.
1745 3362 1774 3404 e.
1797 3337 1942 3422 γράφεται

291 3448 324 3505 ἐν
346 3440 440 3526 ἄλλα)
475 3449 610 3530 margini
639 3448 805 3527 adjectum.
846 3449 934 3508 llaec
961 3431 1091 3508 minoris
1121 3454 1195 3506 sunt
1218 3450 1425 3507 auctoritatis.
1455 3464 1538 3526 quae
1561 3465 1641 3508 vero
1663 3450 1735 3528 ipse
1762 3465 1823 3508 sua
1844 3464 1941 3508 manu
2043 3509 2044 3514 ,

291 3549 508 3632 calligraphus
523 3559 596 3630 post
611 3556 742 3631 primam
759 3555 946 3632 scripturam
968 3551 1084 3614 addidit
1104 3551 1156 3612 vel
1180 3554 1317 3612 correxit
1340 3558 1393 3611 aut
1412 3549 1495 3612 alius
1517 3551 1663 3631 ejusdem
1686 3553 1801 3612 aetatis
1825 3552 1941 3624 scriba,

290 3653 392 3733 pluris
414 3663 448 3716 nt
470 3662 722 3717 corraentaneum
747 3675 825 3717 esse
848 3656 973 3717 videtur
994 3673 1055 3716 nos
1086 3654 1221 3740 facimus
1252 3671 1345 3735 quam
1370 3671 1453 3734 quae
1482 3657 1583 3735 primo
1612 3655 1751 3717 dederet.
1788 3655 1944 3716 Diversas
2043 3721 2044 3726 .

292 3761 390 3842 igitur
412 3764 620 3821 correctrices
643 3763 756 3821 manns
780 3777 836 3840 pro
858 3760 1014 3842 dignitate
1037 3762 1253 3821 aestimandas
1276 3762 1308 3820 in
1338 3766 1448 3820 nostro
1469 3760 1644 3840 exemplari
1672 3763 1721 3820 sic
1742 3761 1944 3820 notavimus:
2043 3751 2044 3762 ’

255 3867 264 3886 “
379 3881 441 3924 scr.
458 3889 502 3932 ‚=
530 3867 602 3944 ipse
625 3865 840 3947 calligraphus
864 3873 1032 3926 corrector.
1061 3864 1148 3926 ldem
1171 3867 1243 3942 ejus
1267 3871 1318 3924 est
1340 3867 1592 3939 instrumentum,
1615 3862 1699 3924 idern
1723 3869 1943 3936 atramentum,

291 3968 404 4031 eadem
428 3969 586 4029 literarum
610 3969 719 4030 lornta.
1382 3953 1385 3962 ¹
1447 3956 1449 3962 ¹

378 4077 443 4134 αιιί.
468 4068 601 4158 (acal)
629 4097 663 4128 =
690 4073 833 4153 ejusdem
862 4075 978 4135 aetatis
1008 4075 1100 4152 cutus
1129 4069 1343 4154 calligraphus
1378 4081 1409 4131 et
1439 4075 1581 4152 fortasse
1614 4073 1686 4150 ipse
1715 4068 1941 4153 calligraphus.

291 4177 408 4240 Eadem
430 4179 631 4240 instrumenti
654 4181 754 4253 acies,
777 4177 889 4239 eadem
912 4178 1069 4238 literarum
1093 4174 1204 4248 forma,
1227 4174 1287 4256 sed
1309 4182 1518 4238 atramentum
1541 4175 1698 4256 pallidius.

377 4282 467 4342 Alius
490 4289 551 4356 est,
574 4282 614 4343 de
642 4299 704 4362 quo
735 4290 820 4356 „ant
838 4286 967 4364 ⁴marg.“
998 4279 1038 4341 ad
1060 4299 1104 4358 γρ.
1135 4279 1249 4342 addidi.
1287 4279 1344 4341 llic
1374 4296 1452 4342 esse
1480 4280 1607 4342 videtur
1628 4278 1755 4340 Saeculi
1777 4277 1843 4348 xli..
1878 4275 1942 4338 Sed
2024 4309 2026 4316 >

289 4386 428 4466 simplex
451 4407 484 4465 γρ
507 4394 581 4447 uota
603 4385 767 4466 plurimum
791 4386 831 4448 ad
853 4385 1033 4447 inferiorern
1056 4389 1279 4445 recensionem
1302 4385 1447 4464 pertinet.

359 4619 386 4684 ⁴)
406 4617 558 4682 Exemplum
577 4624 619 4670 est
636 4629 686 4682 pro
705 4619 806 4669 Phorm.
828 4617 851 4680 s.
865 4621 905 4669 ll.
937 4617 976 4670 lbi
994 4617 1131 4682 pulchrum
1150 4621 1326 4667 atramentum
1346 4615 1434 4666 subito
1452 4615 1586 4680 pallescit,
1610 4617 1658 4666 sed
1675 4620 1738 4680 port
1759 4611 1940 4663 elusatum

288 4707 368 4757 color
386 4706 462 4756 redit.
488 4705 597 4756 Scilicet
613 4717 666 4756 non
688 4705 744 4757 alla
762 4707 820 4768 ejus
838 4711 915 4757 erant
933 4708 1075 4763 elementa,
1093 4705 1142 4754 sed
1161 4715 1231 4766 aqna
1249 4703 1338 4754 auum
1359 4707 1449 4755 laetas
1468 4709 1528 4756 erat
1544 4703 1660 4755 tmuior.
