4186 5128
1037 207 1371 302 —1a-‚

812 282 822 312 Ι

305 382 487 462 παρέδομεν.
501 413 541 425 -
555 334 640 440 i'ais.
657 333 727 462 ieg.
750 377 781 458 §.
802 377 879 438 138:
904 379 976 454 εαληι
999 398 1055 457 pro
1078 374 1135 456 ἴδη,
1162 388 1194 438 ut
1219 349 1352 458 apparet
1375 399 1394 439 e
1417 397 1614 462 praegresso
1638 374 1706 438 εἶδε.
1731 413 1771 424 -
1795 381 1937 462 Aristog.
1961 382 1978 440 i

268 514 278 562 j
307 485 338 568 §.
363 485 405 548 28
426 482 591 560 κεκλιμένης
605 500 669 566 ,pro
691 481 880 559 κεκλειμένης.
898 515 937 526 --
956 483 1109 558 εμπορείωο
1130 502 1157 544 c.
1182 487 1310 564 Apatur.
1336 481 1365 562 §.
1388 485 1418 555 6,
1440 485 1491 544 ubi
1507 483 1692 543 Bckirerus:
1718 483 1771 553 „Z
1791 485 1834 543 ita
1857 485 1976 544 soict.“

120 654 129 664 ,
222 609 229 626 ·
306 591 355 652 cf.
379 607 439 650 orr.
469 606 498 648 c.
529 586 653 647 Phorm.
681 586 829 666 aliaeque
856 583 1012 665 privatae.
1050 587 1128 647 item
1157 587 1322 664 έμπορείαις
1352 588 1485 668 Dionys,
1517 585 1548 665 5.
1571 585 1609 646 8:
1641 587 1669 645 οί
1697 583 1726 643 ‹i’
1749 585 1890 646 ἐπέπλεον
1911 595 1976 654 ταῖς

222 753 228 764 ,
308 691 473 770 ἐμπορείαις
485 723 524 736 -
543 685 589 748 ἵνα
605 723 645 734 -
663 691 704 758 είς
725 684 797 748 άλλο
818 711 846 750 τι
868 671 1106 749 καταπλεύσωσιν
1124 711 1285 766 εμπορειον.
1310 694 1456 751 Attamen
1476 689 1553 750 Phil.
1569 690 1582 748 i
1604 687 1634 768 5.
1651 688 1711 749 32:
1735 689 1890 765 ἐμπορίων.
1914 691 1975 750 Pro

291 796 431 872 ¹Phorm.
456 793 486 874 5.
504 795 559 854 44:
584 785 733 870 εμποριωι.
756 826 796 837 -
821 793 916 852 Porro
940 792 1122 870 Μαρωνιτῶν
1144 793 1264 875 Poiyci.
1288 793 1317 874 5.
1336 795 1386 853 20.
1410 830 1452 840 —
1476 814 1564 873 σιγιον
1585 811 1641 872 pro
1665 793 1780 872 Σίγειον
1807 791 1975 872 Olynthii

192 899 204 913 ’
307 897 339 978 5.
357 897 408 958 28.
426 930 466 941 -
483 887 590 974 σειροῖς
611 915 667 976 pro
689 895 939 975 otpoic.·Phii.lV
963 893 993 974 §.
1015 893 1063 960 16.
1084 928 1121 938 -
1138 893 1255 954 Ibidem
1273 891 1305 972 5.
1323 895 1362 954 46
1378 883 1549 954 κατέλειπον
1567 915 1623 976 pro
1633 896 1802 990 κατέλιπον.
1819 915 1891 956 narn
1910 895 1975 958 vid.

308 1000 432 1082 0iynth.
456 1001 497 1060 iii
527 999 557 1080 §.
582 1000 634 1062 36.
674 1000 710 1060 in
741 999 813 1082 aliis
843 999 924 1060 iocis
952 997 1113 1074 difficilius
1144 1005 1194 1060 est
1225 998 1380 1078 judicatu,
1411 1005 1512 1059 utrum
1543 997 1789 1080 praeferendum
1813 1002 1856 1060 sit
1878 995 1975 1071 ἔλειπε

308 1123 350 1169 an
376 1100 464 1164 ἔλιπε.
999 1081 1016 1131 ”
1241 1091 1244 1097 ’

392 1209 426 1268 ln
451 1226 496 1267 or.
521 1205 642 1286 Aphoh.
664 1209 849 1285 promiscue
872 1195 940 1266 iero
964 1203 1140 1265 secundum
1163 1205 1195 1260 Σ
1213 1204 1380 1264 καταλιπων
1407 1212 1438 1265 et
1460 1205 1643 1266 καταλειπειν
1673 1213 1764 1287 pater
1787 1205 1977 1265 iiemosthe-

296 1318 368 1372 'nes
392 1311 508 1372 dicitur
531 1329 597 1370 rem
620 1309 818 1370 familiarem.
849 1307 1072 1389 Imperfectum
1095 1311 1201 1388 possit
1225 1308 1352 1368 deiendi
1375 1315 1408 1368 ut
1431 1308 1471 1370 de
1494 1311 1636 1390 partibus
1661 1312 1706 1369 rei
1723 1309 1974 1390 intelligendum.

307 1416 346 1474 At
368 1415 381 1473 l
404 1412 434 1493 §.
459 1416 497 1474 i:
525 1410 615 1490 οὑμὸς
630 1409 727 1490 πατὴρ
746 1397 785 1457 ss-
801 1411 971 1472 κατελειπεν
1001 1409 1103 1472 οὐσίαν
1125 1413 1179 1488 μέν
1209 1409 1312 1490 σχεδὸν
1334 1407 1482 1490 τεττάρων
1510 1419 1557 1470 καλ
1587 1415 1658 1472 δέκα
1679 1409 1839 1484 ταλάντων,
1864 1413 1915 1488 ἐμὲ
1940 1411 1974 1470 δὲ

280 1555 287 1588 3
306 1513 383 1576 ἕπτα
406 1516 480 1576 ἐτῶν
502 1511 574 1576 ὄντα
602 1519 668 1592 (s1c
691 1517 754 1591 Σ).
778 1550 817 1560 -
846 1509 963 1574 ἅπαντα
992 1514 1088 1574 ταῦτα
1119 1515 1289 1593 ἐνεχείρισεν
1310 1511 1427 1594 Ἀφόβῳ
1451 1523 1511 1576 cic.
1563 1517 1628 1577 iioc
1657 1517 1727 1576 ioco
1765 1535 1825 1576 neo
1855 1522 1973 1594 potest,

306 1639 405 1702 quum
430 1639 472 1680 ex
495 1637 574 1680 asse
596 1619 781 1680 haereditas
805 1618 937 1693 dicatur,
954 1621 1089 1700 cogitari
1112 1613 1152 1678 de
1174 1619 1326 1697 partibus
1343 1638 1404 1679 nec
1421 1620 1504 1699 quod
1525 1621 1546 1679 F
1550 1620 1784 1680 unkhacneiius
1813 1617 1970 1696 (Symboi.

306 1727 375 1784 orit.
400 1726 430 1784 in
455 1725 541 1784 Deru.
570 1722 649 1784 Edit.
672 1715 793 1782 minore
821 1721 923 1782 Turic.
955 1722 988 1781 T.
1011 1721 1049 1780 tv
1068 1742 1102 1800 p.
1128 1722 1177 1780 Vil
1201 1723 1281 1802 sq.)‚
1321 1730 1353 1780 ut
1384 1723 1603 1802 imperfectum
1634 1723 1831 1794 defenderet,
1860 1721 1972 1782 discri-

307 1847 380 1888 men
405 1829 535 1888 statuit:
567 1805 637 1900 „nt
659 1821 900 1901 καταλειπόμενα,
923 1827 1034 1904 inquit,
1059 1825 1109 1884 die
1132 1824 1472 1900 Hinteriasscnschait,
1496 1830 1539 1886 ita
1562 1827 1717 1900 dicuutur,
1733 1834 1766 1886 ut
1789 1828 1834 1886 rei
1858 1844 1972 1903 super-

308 1933 393 1990 stitis
406 1907 496 1990 *ratio
519 1929 683 1990 habeatur.
729 1931 856 1990 Acrisio
880 1933 908 1988 si
933 1923 1038 1989 orator
1061 1932 1164 2000 utitor,
1187 1927 1217 1988 id
1241 1935 1367 2006 tompus
1391 1937 1563 2007 spectatur,
1581 1949 1643 2010 quo
1667 1933 1721 2012 qui
1744 1936 1970 1989 testamentum

309 2033 395 2108 iecit,
419 2047 563 2094 mortuus
594 2035 678 2094 est.“
723 2037 820 2093 Recte
844 2032 970 2112 quidem
998 2029 1036 2092 τά
1064 2028 1295 2108 καταλειπόμενα
1320 2031 1503 2093 haereditas
1534 2033 1657 2094 dicitur.
1688 2031 1911 2113 Aphoh.11§.
1936 2033 1972 2092 6:

309 2130 397 2210 ένοῖς
419 2132 513 2196 πολλά
534 2133 593 2195 τῶν
611 2134 868 2212 καταλειπομένων
897 2137 945 2208 (Σ
962 2136 1280 2212 καταλιπομένωνείο.
1310 2135 1369 2196 scd
1393 2135 1476 2196 idem
1498 2137 1512 2195 Ι
1535 2136 1564 2216 5.
1589 2139 1628 2196 45
1653 2145 1740 2198 recte
1763 2135 1973 2211 καταλειπομέ-

307 2262 374 2314 νων,
398 2241 450 2302 ubi
474 2241 569 2322 Augi
597 2246 630 2299 et
652 2256 682 2300 r:
712 2228 1044 2316 καταλιπομένων)ὀν’κ
1067 2241 1238 2318 ἐγέγραπτο.
1270 2240 1309 2299 At
1331 2242 1488 2318 participii
1511 2248 1542 2300 et
1565 2239 1729 2302 indicativi
1753 2243 1833 2300 ratio
1857 2237 1971 2300 differt.

307 2345 505 2405 indicativus
543 2346 627 2403 eninr
658 2343 835 2422 imperfecti
866 2346 1011 2424 usurpari
1043 2362 1107 2402 non
1140 2349 1247 2422 potest
1281 2341 1321 2403 de
1351 2342 1548 2403 haereditata
1580 2349 1768 2422 superstite;
1799 2347 1830 2403 in
1862 2344 1973 2402 aoristi

307 2453 414 2510 autem
437 2447 621 2522 indicativo,
643 2449 810 2526 participio
835 2453 865 2506 et
889 2447 1044 2533 infinitivo
1068 2448 1236 2524 respicitur
1258 2452 1394 2534 tempus,
1423 2465 1485 2527 quo
1509 2451 1677 2508 moriturus
1701 2454 1791 2526 pater
1814 2464 1876 2506 sua
1899 2445 1973 2505 reii-

307 2554 384 2632 quit.
412 2550 480 2625 Qua
502 2550 542 2612 de
565 2570 600 2612 re
622 2551 740 2630 ubique
763 2553 794 2610 in
818 2569 878 2611 orr.
896 2550 1017 2630 Aphob.
1041 2551 1176 2610 occurrit
1197 2545 1236 2610 τά
1257 2545 1505 2629 καταλειφθέντα,
1524 2550 1766 2630 καταλειφθῆναι.
1795 2549 1972 2611 Perlostre-

311 2673 383 2716 mus
402 2659 469 2734 jam
494 2655 575 2714 aiios
599 2652 720 2732 Aphob.
745 2654 757 2712 1
780 2655 871 2714 iocos
894 2653 1072 2714 secundum
1095 2653 1133 2710 Σ.
1902 2715 1909 2726 ,

396 2757 425 2837 5.
450 2757 484 2818 82
508 2754 542 2818 ori
564 2760 677 2834 πένητα
699 2757 867 2816 κατέλειπέν
897 2779 934 2834 με
965 2754 1108 2833 ὁπατηρ.
1130 2791 1173 2799 -
1197 2755 1225 2834 5.
1251 2756 1287 2817 9:
1313 2753 1328 2815 ὃ
1352 2753 1406 2835 γάρ
1429 2753 1525 2835 πατὴρ
1547 2791 1585 2803 -
1609 2757 1779 2818 κατέλειπεν
1805 2753 1857 2815 dio
1887 2759 1974 2834 ἐργα-

307 2857 412 2938 στήρια
428 2864 560 2942 erana
581 2859 676 2920 ταῦτα
703 2861 758 2936 μὲν
786 2857 890 2939 ἐνεργά
917 2861 1094 2920 κατέλειπεν.
1125 2858 1155 2938 5.
1189 2859 1247 2920 ii:
1276 2863 1324 2918 uod
1352 2858 1447 2920 ταῦτα
1468 2862 1522 2937 μὲν
1544 2856 1615 2920 οἴκοι
1644 2861 1778 2922 κατέλιπε
1807 2857 1913 2920 πάντα.
1938 2861 1972 2919 Si

308 2968 382 3044 quis
411 2964 572 3040 (Bromius
595 2963 634 3024 ad
659 2962 689 3042 5.
714 2964 750 3040 4)
778 2943 896 3026 dixerii
916 2966 1068 3026 aoristum
1086 2971 1229 3024 extremo
1252 2963 1323 3024 ioco
1347 2963 1510 3025 adomnia
1533 2965 1714 3046 colligenda
1729 2966 1866 3045 positum
1884 2982 1973 3037 esse,

307 3067 525 3146 praecedenti,
548 3069 602 3128 ubi
624 3074 733 3146 partes
757 3068 905 3149 singulas
930 3075 1033 3128 orator
1056 3069 1251 3146 exposuerit,
1281 3067 1413 3146 probum
1437 3087 1515 3128 esso
1538 3067 1767 3148 imperfectum,
1792 3087 1831 3128 eo
1855 3067 1974 3128 refuta-

308 3178 367 3245 tur,
391 3169 476 3250 quod
500 3167 535 3230 ori
556 3175 668 3246 πένητα
683 3170 852 3231 κατέλειπέν
873 3194 909 3248 με
933 3169 949 3231 ὁ
972 3167 1068 3250 πατήρ
1091 3171 1167 3232 nihii
1184 3173 1294 3230 attinet
1311 3170 1349 3230 ad
1369 3178 1501 3250 partem.
1526 3171 1657 3232 Accedit
1679 3170 1709 3250 §.
1732 3173 1772 3232 ti
1790 3188 1855 3252 sq.:
1884 3170 1974 3228 πλέον

305 3269 501 3349 ἢὸιπλασίας
521 3264 557 3349 ἧς
579 3278 643 3350 ἐμοὶ
664 3258 833 3360 κατᾷλιπένν
868 3279 933 3348 (sio
960 3275 998 3334 Σ.
1044 3277 1165 3354 primae
1198 3292 1313 3334 manus
1344 3282 1395 3334 est
1430 3276 1606 3336 καταλιπων.
1638 3283 1798 3336 corrector
1827 3272 1972 3354 ejusdem

307 3382 425 3438 aetatis
448 3379 576 3455 punctis
599 3382 722 3438 notavit
745 3400 765 3436 α
786 3386 818 3438 et
842 3399 876 3452 ει,
911 3386 942 3438 et
966 3380 1195 3458 superscripsit
1219 3399 1232 3436 ε
1257 3379 1316 3452 bis,
1340 3385 1372 3437 ut
1397 3387 1497 3438 essct¹
1517 3379 1677 3440 κατέλιπεν.
1717 3379 1783 3438 Νοη
1807 3378 1902 3438 habet
1925 3396 1971 3456 pr.

305 3482 340 3538 Σ
356 3477 524 3539 καταλιπεῖν
546 3499 617 3541 cunr
641 3489 787 3557 accentu,
818 3489 852 3542 ut
874 3481 973 3542 Bekk.
998 3489 1030 3541 ct
1053 3481 1141 3542 Dind-
1165 3480 1390 3560 tradiderunt).
1425 3481 1468 3541 Οὐ
1491 3481 1545 3562 γάρ
1562 3517 1601 3526 -
1624 3484 1674 3558 ἐμὲ
1697 3485 1809 3558 πένητα
1830 3477 1972 3559 η’βοάλετο

307 3583 487 3643 καταλιπεῖν.
526 3582 630 3658 Quare
653 3585 884 3646 restituendum
907 3603 985 3645 esse
1009 3587 1049 3645 iis
1073 3585 1153 3646 iocis
1177 3603 1262 3645 nunc
1292 3594 1440 3664 putamus
1470 3587 1637 3667 vulgatum
1662 3589 1824 3646 acrisium.
1867 3583 1973 3645 Adda-

309 3705 380 3748 mus
404 3694 513 3748 cetera
544 3705 587 3747 ex
613 3688 735 3768 Aphob.
766 3689 779 3748 Ι
809 3688 985 3751 secundum
1008 3689 1054 3748 Z:
1086 3687 1116 3768 §.
1141 3688 1205 3748 32:
1237 3691 1345 3757 ἐκεῖνος
1374 3689 1524 3749 κατέλειπε
1552 3687 1694 3750 τοσοῦτον
1717 3685 1751 3748 τά
1785 3687 1910 3765 πλῆθος.
1932 3721 1972 3732 -

308 3789 339 3868 5.
364 3790 422 3850 49:
446 3784 515 3850 οὔτε
533 3787 599 3870 γάρ,
621 3789 661 3860 ὡς
682 3788 837 3871 ὀφείλοντά
857 3814 893 3869 με
916 3793 1085 3852 κατέλειπεν
1116 3787 1132 3850 ὁ
1155 3787 1262 3870 πατὴρ,
1293 3796 1405 3862 ἐντοῖς
1428 3789 1590 3872 γράμμασιν
1612 3791 1769 3872 α’πέφηνεν,
1793 3793 1844 3852 ubi
1868 3791 1900 3849 F
1922 3795 1973 3868 (ut

309 3911 407 3972 supra
430 3892 460 3972 §.
487 3895 562 3970 44);
600 3894 767 3954 καταλιπων
796 3914 853 3976 pro
881 3897 1044 3956 nocituro.
1089 3895 1187 3955 Etiam
1219 3895 1259 3956 de
1288 3897 1431 3975 partibus
1459 3896 1666 3958 haereditatis
1697 3898 1849 3956 acrisium
1880 3913 1974 3955 usur·

307 3999 386 4076 pari,
403 3997 483 4058 iocis
499 3999 637 4058 omnium
651 3998 795 4058 codicum
818 4002 850 4059 in
870 3999 930 4060 hoc
952 4006 1094 4078 tempure
1110 4003 1355 4060 consonantium
1375 4000 1560 4075 ostenditur,
1581 4007 1613 4059 ut
1629 3998 1658 4078 §.
1682 4000 1735 4060 18:
1757 4003 1819 4076 ἐμοὶ
1841 3997 1870 4056 δ’
1891 4000 1974 4071 (scr.

308 4099 379 4180 γάρ)
407 4097 423 4160 ὁ
447 4096 544 4178 πατὴρ
566 4101 718 4161 κατέλιπεν
732 4097 887 4180 τριάκοντα
908 4101 991 4179 μνάς.
1010 4137 1048 4148 -
1066 4101 1096 4182 5.
1114 4103 1175 4162 24:
1205 4098 1255 4172 οὓς
1277 4103 1430 4162 κατέλιπεν
1456 4099 1471 4162 ὁ
1496 4101 1602 4180 πατὴρ.
1625 4136 1663 4147 -
1688 4101 1718 4182 5
1743 4103 1802 4163 26:
1830 4099 1916 4162 οέδλν
1938 4095 1974 4160 άν

312 4207 379 4278 (orn
397 4197 433 4262 άν
453 4205 498 4279 Σ)
526 4201 623 4264 αὐτῶν
644 4205 811 4283 παρέλιπον.
835 4205 885 4264 νῦν
906 4203 934 4262 d’
958 4202 1085 4283 ὠμότατ’
1117 4201 1283 4282 άνέλρώπων
1305 4202 1516 4284 ὁμολογοῦντες
1538 4205 1783 4286 καταλειφθῆναι.
1801 4239 1839 4250 -
1866 4205 1895 4286 5.
1915 4205 1973 4264 30:

307 4301 427 4384 σαλάροο
449 4305 503 4366 τοῦ
525 4307 783 4388 καταλειφθέντος.
808 4293 848 4354 ss
872 4312 1111 4386 κεκτημένον-
1134 4310 1280 4388 ἐλέφαντα
1302 4310 1478 4370 καταλιπεῖν.
1507 4343 1548 4356 -
1571 4309 1602 4390 5.
1626 4310 1687 4370 31:
1717 4307 1823 4369 τοῦτον
1844 4304 1881 4369 οὔ
1904 4327 1975 4388 φασι

307 4409 477 4468 καταλιπεῖν
497 4407 583 4470 οὐδὲν
603 4407 715 4471 τούτων
738 4421 810 4488 θέα,
837 4419 870 4473 ui
893 4411 933 4473 de
963 4419 1029 4472 rota
1060 4411 1257 4472 haereditate
1279 4413 1432 4472 κατέλιπεν
1454 4411 1484 4492 5.
1513 4413 1553 4474 40
1577 4432 1626 4494 sq.
1659 4412 1842 4492 κατελείφθη
1866 4411 1896 4491 5.
1922 4415 1973 4472 57.

307 4510 430 4574 Deinde
443 4529 635 4594 quamquam
649 4515 867 4594 imperfectum
883 4535 939 4595 pro
955 4515 1086 4576 diversa
1100 4520 1261 4577 sententia
1274 4535 1344 4577 cum
1362 4519 1481 4577 aoristo
1497 4525 1605 4598 potest
1621 4517 1773 4598 copulari,
1790 4535 1852 4576 non
1868 4524 1975 4576 tamen

309 4614 350 4676 de
374 4615 488 4678 eodem
511 4616 623 4680 ordine
645 4621 809 4700 temporis,
832 4626 865 4682 ui
888 4619 918 4700 5.
944 4619 1000 4680 53:
1030 4616 1159 4698 τέτταρά
1179 4640 1228 4696 μοι
1257 4615 1384 4680 τάλανθ’
1408 4616 1423 4679 ὁ
1454 4617 1552 4700 πατήρ
1574 4621 1708 4682 κατέλιπε
1732 4623 1977 4698 κατορωρυγμένα
