4186 5128
966 253 1181 314 -ια-

226 427 279 508 (ορ
302 432 463 488 corrector
486 425 631 506 eJusdem
663 427 778 486 aetatis
810 423 946 500 addidit)
979 429 1027 483 aci
1048 421 1161 486 codrus
1189 425 1291 505 suptar
1320 423 1374 502 τὴν
1400 423 1503 503 μητίρ’
1526 425 1671 503 ἐποίησαν.
1709 427 1754 490 Cf.
1777 429 1888 491 Eubul.

222 529 253 610 δ.
272 530 330 590 7οε
354 526 481 608 ὀρφανὸς
503 528 711 606 κατελείφθην.
750 529 894 608 Denique
922 529 1096 608 respondet
1119 524 1227 588 ἔδωκεν
1255 532 1288 590 in
1317 547 1419 590 causa
1442 529 1565 608 Aphobi
1593 530 1634 591 de
1664 549 1704 591 ea
1732 551 1767 592 ra
1789 537 1888 595 toties

222 633 352 707 dictum,
375 650 537 712 nunquam
561 617 680 690 ididem

311 737 367 798 llis
392 737 538 796 omnihus
562 735 776 818 consideratis
802 737 882 799 vitia
904 733 957 806 illa
979 743 1054 797 srmt
1085 755 1149 796 non
1179 735 1338 808 lectionis,
1369 735 1428 797 sed
1452 740 1639 816 scripturae,
1663 737 1770 817 qualia
1793 741 1890 802 etiam

223 843 257 900 in
280 841 331 924 bis
355 841 439 900 mille
463 857 618 900 annornm
641 838 753 900 codice
777 837 948 920 Hyperidis
977 839 1160 900 Ardeniano
1197 839 1451 915 (Schneidewin.
1475 859 1505 919 p.
1528 841 1580 899 llll
1603 841 1686 920 sq.),
1715 845 1822 903 omnia
1843 845 1891 904 le·
1962 901 1964 910 ,

222 946 362 1004 vissima
385 950 417 1004 et
449 962 505 1022 pro
530 941 734 1022 amplitudine
764 942 833 1002 libri
864 943 992 1002 omnino
1027 945 1235 1022 paucissima.
1273 939 1382 1004 Codex
1404 945 1438 1000 Σ
1461 962 1524 1003 non
1555 944 1658 1004 'solrrm
1686 947 1797 1020 nitore,
1828 945 1891 1008 scd

224 1050 322 1108 etiam
345 1047 494 1108 lectionis
517 1049 717 1126 praestantia
740 1053 771 1105 et
794 1049 971 1126 scripturae
994 1046 1159 1127 diligentia
1182 1047 1318 1106 excellit.
1345 1045 1443 1122 'Quae
1467 1066 1563 1126 quum
1585 1049 1630 1107 ito
1652 1051 1727 1117 sint,
1749 1067 1891 1110 consen-

223 1160 353 1232 taneum
374 1151 556 1230 judicamus
573 1153 667 1210 etiam
685 1151 838 1210 omisisse
858 1151 1008 1220 scribam,
1031 1168 1114 1228 qliae
1138 1152 1291 1224 omiserit,
1307 1169 1368 1211 nec
1385 1150 1575 1210 festinanter
1590 1169 1652 1212 uec
1675 1152 1889 1233 negligenter.

222 1255 289 1314 Imo
312 1254 473 1314 inculcata
496 1256 527 1312 in
552 1253 623 1312 aliis
646 1253 744 1325 libris,
779 1253 810 1312 in
834 1253 946 1318 codice
974 1256 1254 1332 praestantissimo
1285 1272 1341 1332 pro
1365 1262 1433 1314 arta
1456 1255 1592 1314 oratoria
1621 1261 1652 1314 et
1679 1258 1713 1314 vi
1737 1256 1890 1335 eloquen-

224 1359 291 1418 tiae
309 1357 360 1416 vol
378 1377 420 1416 ex
437 1357 499 1416 elia
515 1359 637 1416 ratione
653 1362 741 1416 recte
757 1357 878 1415 abesse
895 1356 1028 1434 plurima
1045 1365 1209 1436 apparent.
1237 1357 1348 1436 ltaque
1365 1364 1439 1418 sunt
1462 1375 1546 1438 quae
1568 1358 1601 1414 Σ
1620 1361 1726 1418 omisit
1742 1359 1890 1435 delenda,

221 1462 277 1522 uhi
300 1461 354 1520 illa
384 1463 463 1520 ratio
493 1460 677 1540 intelligitur
705 1477 767 1519 nec
796 1461 892 1539 signa
923 1459 1153 1540 negligentiae,
1185 1460 1288 1540 qualis
1323 1461 1472 1540 exempla
1500 1462 1698 1539 protulimus,
1728 1463 1781 1522 vel
1804 1464 1890 1523 aliae

223 1567 422 1644 suspicionis
447 1581 569 1623 causae
592 1561 784 1622 manifestae
809 1569 892 1622 sunt.
927 1562 974 1622 Ad
998 1567 1227 1641 praestantiam
1251 1563 1382 1638 codicis,
1411 1567 1506 1624 etiam
1530 1564 1582 1624 ubi
1606 1565 1737 1645 reliquis
1761 1567 1891 1626 brevior

223 1675 285 1740 est,
310 1665 590 1728 demonstrandam
614 1665 771 1726 accedunt
801 1665 969 1739 Aristides,
993 1671 1117 1744 passim
1141 1667 1356 1744 Harpocratio,
1391 1667 1444 1728 alii
1467 1669 1678 1743 Grammatici,
1702 1669 1754 1729 ubi
1778 1671 1890 1730 Demo·

223 1770 373 1831 sthenica
397 1774 506 1830 citant.
542 1769 653 1850 ltaque
676 1769 729 1828 illa
752 1770 895 1828 brevitas
919 1787 982 1827 non
1007 1777 1057 1828 est
1081 1773 1261 1830 temeraria.

309 1878 349 1934 At
373 1874 514 1934 fortasse
538 1874 674 1954 consilio
698 1879 729 1932 et
753 1873 919 1932 brevitatis
943 1873 1047 1932 studio
1071 1877 1299 1952 grammaticus
1331 1856 1403 1954 quis
1433 1874 1486 1934 vel
1516 1873 1622 1934 rhetor
1644 1875 1773 1948 delevit,
1805 1894 1890 1956 quae

224 1979 317 2060 larga
339 1996 434 2038 manu
459 1977 667 2036 Demostheni
690 1975 767 2035 dare
790 1976 953 2054 placuerit.
990 1976 1118 2035 Scilicet
1141 1979 1204 2036 iste
1228 1983 1320 2036 esset
1343 1977 1557 2038 Demosthene
1580 1982 1687 2058 magis
1704 1979 1892 2040 Demosthe-

224 2101 297 2154 nes,
321 2085 415 2160 cujns
440 2083 574 2140 oratoris
598 2098 694 2158 quum
717 2097 780 2138 uno
804 2098 859 2138 ore
883 2081 1027 2138 uniuersi
1057 2077 1237 2139 collaudent
1268 2083 1438 2160 gravitatis
1467 2087 1566 2153 vireS,
1596 2082 1762 2142 brevitatis
1786 2085 1890 2158 robur,

224 2188 452 2246 concinnitatis
478 2191 690 2243 venustatem.
729 2183 845 2242 Contra
876 2189 927 2242 est
958 2190 1213 2242 consentaneum
1243 2187 1394 2263 genuinis
1426 2185 1651 2244 Demosthenis
1678 2187 1787 2246 uerbis
1810 2205 1891 2248 esse

224 2291 368 2348 immixta
396 2287 556 2346 voeabula
586 2294 617 2345 et
652 2288 832 2345 sententias
868 2304 887 2345 a
921 2285 1099 2346 rhetoribus
1130 2293 1160 2345 et
1191 2289 1414 2365 interpretibus
1446 2287 1679 2366 simplieitatem
1708 2293 1892 2350 exornauti-

227 2393 287 2451 bus
310 2398 523 2472 vigoremque
547 2389 780 2450 emollientibus
800 2393 868 2466 jam
892 2393 1021 2470 antiquo
1044 2398 1196 2468 tempore,
1221 2389 1362 2450 fortasse
1385 2393 1417 2450 in
1441 2391 1562 2451 scholis
1586 2391 1639 2450 vel
1663 2391 1889 2453 Alexandrinis

224 2496 280 2556 vel
303 2497 514 2574 Pergamenis
537 2493 591 2552 vol
616 2493 744 2552 Rhodiis
769 2493 822 2552 vel
846 2493 1064 2552 Antiochenis.
1103 2493 1179 2552 tiam
1204 2493 1424 2574 Hermogenes
1444 2498 1512 2574 jam
1536 2495 1705 2574 aliquoties
1722 2503 1818 2576 atque
1834 2497 1890 2556 alii

222 2599 370 2660 rhetores
399 2600 430 2658 et
460 2596 692 2676 lexicographi,
726 2599 788 2655 nisi
820 2596 930 2656 horum
969 2595 1036 2656 libri
1068 2595 1246 2656 seeundum
1285 2597 1444 2680 editiones
1475 2598 1711 2673 Demosthenico,
1745 2601 1890 2678 inprimis

225 2703 373 2764 Aldinam
400 2699 482 2777 (vid.
507 2701 614 2759 Reislr.
640 2699 679 2760 ad
703 2700 772 2760 Cor.
796 2718 826 2777 p.
852 2699 925 2769 211,
954 2700 1023 2776 10),
1048 2699 1087 2758 ab
1111 2699 1284 2760 editoribus
1308 2700 1409 2760 relicti
1439 2708 1532 2782 sunt,
1554 2701 1643 2761 locos
1669 2703 1892 2762 Demostheni-

224 2825 283 2883 cos
313 2809 427 2884 partim
458 2803 668 2882 amplificatos
699 2807 889 2874 citaverunt,
921 2806 973 2883 qui
1009 2807 1041 2862 in
1077 2805 1168 2863 bonis
1203 2803 1367 2863 codicibus
1402 2805 1489 2864 Dem.
1517 2805 1684 2864 breviores
1712 2805 1893 2867 traduntur.

224 2909 409 2988 Exemplum
432 2907 591 2986 proferam
614 2905 686 2967 fals.
718 2907 780 2988 leg.
811 2905 841 2984 ἓ.
866 2905 928 2965 284
959 2906 1183 2987 Hermogenes
1208 2907 1307 2966 form.
1332 2907 1397 2967 Lib.
1419 2908 1457 2976 ll,
1482 2911 1500 2966 7
1529 2927 1559 2986 p.
1583 2907 1646 2967 310
1670 2907 1717 2967 W.
1748 2909 1888 2987 simplici

223 3011 367 3090 ἠτίμωται
390 3010 508 3071 addidit
530 3013 577 3067 κα1
600 3004 733 3087 ὕβρισται
757 3029 776 3069 c
799 3007 829 3088 §.
854 3010 926 3068 287.
957 3009 1065 3090 Neque
1089 3029 1167 3069 vero
1198 3011 1301 3070 solum
1330 3014 1459 3092 antiquo
1489 3017 1632 3090 tempore
1662 3011 1889 3072 Demosthenis

193 3143 194 3147 ¹
226 3121 390 3178 orationes
414 3121 604 3176 retractatae
629 3121 713 3187 sunt,
736 3113 832 3173 multo
855 3115 963 3194 magis
987 3117 1126 3192 posteris
1151 3115 1298 3174 Saeculis
1322 3122 1354 3174 et
1375 3118 1406 3175 in
1432 3117 1666 3174 recentissimis
1689 3115 1776 3175 libris
1792 3133 1891 3176 mauu

225 3221 519 3300 scriptis·maxime
544 3209 658 3278 auctae
682 3224 712 3276 et
735 3217 928 3291 infuscatae,
963 3223 997 3276 ut
1020 3219 1051 3276 in
1074 3217 1125 3277 his
1150 3219 1270 3278 robusti
1293 3219 1378 3279 illius
1402 3220 1536 3278 oratoris
1564 3217 1649 3278 dicta
1673 3225 1774 3298 saepe
1797 3237 1891 3278 ener-

226 3333 306 3385 vata
330 3341 408 3383 esse
431 3322 611 3382 videamus.
646 3321 786 3380 Aliorum
810 3339 937 3400 quoque
960 3339 1132 3400 eorumque
1156 3323 1308 3382 bonorum
1332 3322 1478 3382 codicum
1501 3325 1673 3382 auctoritas
1695 3323 1807 3401 probat
1825 3322 1894 3400 plu-

225 3431 307 3488 rima
332 3429 371 3486 ab
395 3429 427 3483 Σ
447 3429 569 3485 omissa
593 3426 712 3484 abesse
735 3427 856 3483 merito.
888 3424 1048 3484 llinimum
1072 3443 1151 3506 ergo
1175 3425 1380 3506 cogitandum
1404 3436 1453 3486 est
1471 3425 1510 3503 dc
1527 3425 1642 3506 duplici
1659 3429 1762 3505 ipsius
1781 3427 1893 3485 Demo-

226 3532 352 3592 sthenis
371 3531 521 3602 editione,
539 3547 632 3608 quam
649 3531 835 3607 suspicatus
853 3533 920 3587 erat
944 3528 1018 3587 clar.
1036 3528 1230 3610 Spengclius
1254 3533 1285 3589 in
1302 3529 1452 3590 Academ.
1469 3531 1593 3590 Monac.
1615 3529 1694 3588 1839
1717 3549 1748 3607 p.
1769 3529 1826 3588 lii—l
1840 3547 1891 3608 sq.

225 3636 342 3696 Contra
358 3653 452 3715 quem
470 3651 551 3692 vera
567 3631 694 3691 vidisse
717 3649 838 3692 censeo
863 3629 1115 3707 Funhbiinelium
1131 3636 1163 3691 in
1180 3633 1276 3712 Epist.
1295 3633 1410 3693 Grarul.
1433 3633 1561 3694 Isenaci
1582 3631 1674 3706 1840,
1701 3636 1733 3692 in
1757 3649 1819 3712 qua
1842 3633 1893 3692 vir

228 3739 437 3800 doctissimus
455 3739 604 3815 exposuit
621 3735 836 3796 additamenta
852 3739 883 3794 in
901 3735 1064 3796 codicibus
1077 3739 1210 3796 inventa
1226 3735 1471 3796 Demosthenico
1484 3739 1616 3817 ingenio
1637 3754 1715 3796 esse
1731 3737 1846 3796 aliena.

988 3839 1136 3899 llario.

313 3947 443 4024 Apices,
468 3951 622 4003 accentus
647 3949 677 4001 et
706 3943 837 4021 spiritus
862 3943 893 4000 in
917 3941 950 3997 Σ
968 3943 1099 4020 primum
1125 3941 1241 4020 adpicti
1270 3961 1332 4000 nou
1357 3949 1457 4015 erant,
1481 3944 1545 4002 nisi
1568 3942 1648 4002 forte
1672 3944 1703 4002 in
1727 3941 1890 4002 nonnullis

226 4050 407 4120 vocabulis,
432 4047 490 4123 sed
514 4055 587 4125 post
611 4048 936 4124 scriptes‘orationes
960 4045 1067 4120 additi,
1090 4049 1201 4124 partim
1226 4046 1341 4125 pallido
1377 4053 1553 4106 atramento
1581 4045 1722 4106 fortasse
1747 4047 1786 4106 ab
1810 4047 1891 4104 anti-

226 4172 290 4232 quo
314 4159 503 4225 correctore,
527 4153 580 4230 qni
603 4164 626 4232 {¹
650 4149 829 4228 similiaque
853 4147 1018 4209 clausulae
1042 4149 1242 4228 subscripsit,
1272 4152 1397 4228 passim
1422 4153 1644 4210 arecentiore.
1677 4149 1714 4211 Ut
1736 4151 1769 4209 ic
1788 4149 1891 4208 'limo-

226 4263 336 4316 oratea
365 4256 475 4314 literae
505 4263 536 4313 et
566 4259 678 4332 apices
708 4261 783 4312 suut
807 4252 951 4330 ejusdem
984 4271 1109 4326 manus,
1141 4253 1286 4332 ejusdem
1324 4257 1491 4314 atramenti
1525 4252 1633 4332 pallidi
1663 4251 1890 4332 flaventisque,

228 4359 376 4439 ejusdem
403 4359 604 4419 instrumenti
628 4358 724 4416 aeris.
755 4357 814 4414 Per
838 4356 919 4414 olias
943 4359 1105 4415 orationes
1129 4360 1223 4438 sigua
1247 4357 1430 4418 factasunt
1454 4357 1576 4418 calamo
1593 4363 1625 4417 et
1644 4359 1758 4416 atriore
1774 4356 1891 4432 colore,

226 4483 284 4543 per
308 4463 399 4536 alias,
423 4464 573 4541 quamvis
597 4462 771 4530 rarissime,
795 4479 902 4536 penna
925 4467 956 4519 et
980 4462 1099 4519 receuti
1125 4467 1310 4520 atramento.

314 4567 413 4625 Etiam
449 4574 592 4624 notarum
625 4571 717 4624 aetas
752 4573 803 4621 est
837 4563 989 4624 diversa:
1040 4573 1084 4604 ⁴‘
1110 4574 1126 4602 r
1160 4575 1210 4602 ‘o
1231 4582 1266 4622 ἢ.
1314 4566 1358 4623 De
1393 4583 1524 4644 quorum
1561 4566 1727 4643 signorum
1758 4562 1891 4623 diversa

225 4678 333 4732 aetate
357 4669 420 4730 vid
438 4669 523 4729 Bast.
549 4669 717 4748 Palaeogr.
743 4667 861 4732 Comm.
880 4686 914 4746 p.
931 4665 1004 4728 860.
1030 4667 1121 4728 alios.
1137 4667 1223 4728 ¹Jam
1246 4687 1325 4728 vcro
1341 4669 1429 4730 initio
1447 4667 1486 4730 ed
1502 4667 1716 4730 discernenda
1731 4666 1891 4728 vocabula
