4186 5128
975 255 1190 361 ⁴¹57·
1484 313 1487 320 ·
1958 285 1961 342 ἱ

250 442 411 522 aliamque
443 441 483 502 ob
513 457 646 502 corisum
676 438 893 521 calligraphus
924 438 1066 499 fortasse
1096 441 1168 517 ipse
1197 437 1344 512 addebat,
1372 427 1594 515 ut'hrupouroo
1622 445 1654 500 et
1689 443 1918 516 ανθρωαος.-
1973 484 1974 490 1

250 533 343 606 ἔινεεν
366 551 398 605 el
421 563 511 604 acron
535 546 610 604 siva
633 531 734 603 ἄνοον.
769 542 839 603 Cor.
863 542 893 621 5.
919 542 998 602 260:
1028 542 1072 610 τίς
1093 539 1149 626 ουἰι
1169 536 1205 600 ἂν
1232 539 1271 610 ὥς
1304 523 1428 617 ἀληθῶς
1449 523 1539 602 dvala
1566 539 1772 602 εὐδαιμονίσειε
1793 547 1840 600 καὶ
1861 540 1918 618 τὴν
1975 576 1976 620 q

250 633 345 708 ῑῖντοῦ
365 643 474 726 τίχηνς
497 649 546 707 εἰσ
568 645 686 725 duplici
709 648 830 724 spiritu.
847 679 878 702 ··-.
905 644 935 724 §.
953 645 1036 706 262:
1059 635 1308 722 μισθώσασᾶντὸν
1330 647 1349 704 i.
1367 662 1396 705 e.
1419 641 1575 720 μισθώσας
1595 643 1777 715 chadeleno
1800 641 1917 721 produi-
1975 622 1978 696 ί

251 770 306 819 σας
334 747 450 812 carati.
496 749 614 810 Eodem
645 749 780 810 consilio
810 751 934 828 passim
966 751 1128 810 invonitur
1164 747 1389 828 apostrophus,
1424 756 1457 808 ut
1486 740 1571 806 aith
1610 756 1642 809 et
1669 749 1752 808 αίία.
1781 781 1824 794 ·-
1850 745 1916 807 ἀλλ’

250 849 269 930 ἢ
298 855 448 930 (llaloun.
473 853 503 932 ς.
533 855 586 929 ll)
614 858 647 912 et
669 847 755 927 tuq.
774 885 813 898 -
836 849 937 928 μηδέν’
960 850 1086 934 Olynth.
1103 851 1130 910 ll
1153 850 1183 929 §.
1208 851 1259 924 27,
1287 853 1339 912 ubi
1366 860 1521 912 accentus
1540 869 1634 912 uuuc
1657 869 1773 913 erasus
1796 860 1855 913 est.
1874 886 1914 898 -
1982 902 1983 906 ,

253 979 297 1018 οτι
319 965 350 1017 cl
373 979 429 1029 ο,τι
456 956 550 1033 (Phil.
567 957 606 1015 Ill
630 955 659 1035 §.
684 955 802 1033 3).=—
819 951 945 1030 εἴπωμεν
968 963 999 1016 et
1027 949 1152 1032 εἴπωμεν
1182 954 1310 1031 (Chers.
1342 953 1372 1032 ἓ.
1390 955 1463 1032 52).
1498 989 1537 1000 -
1561 956 1659 1016 Etiam
1682 959 1773 1016 varia
1801 973 1916 1016 mauu:
1983 955 1984 958 ’

251 1081 333 1138 παρα
356 1067 477 1140 primae
502 1060 578 1121 Phil.
601 1060 628 1120 ll
659 1058 690 1139 §.
712 1059 754 1120 26
777 1064 936 1120 recentior
964 1059 1108 1131 distinxit
1122 1061 1171 1117 -in
1194 1055 1264 1133 παρ’
1288 1052 1316 1116 ἅ.
1339 1090 1382 1103 --
1405 1057 1483 1120 Phil.
1506 1059 1546 1118 Ill
1569 1057 1598 1138 §.
1621 1059 1656 1120 8.
1670 1079 1717 1140 pr.
1740 1063 1805 1138 περὶ
1827 1044 1919 1118 dordr

250 1168 391 1226 correxit
414 1167 573 1225 recentior
595 1166 628 1224 iu
650 1159 839 1241 capiciario.
862 1197 905 1208 -
928 1163 1039 1224 Clicrs.
1064 1161 1093 1240 §.
1118 1161 1176 1222 58:
1209 1161 1346 1238 Καρδίαν
1368 1166 1489 1222 recenti
1519 1171 1664 1238 accentu,
1692 1182 1787 1243 quum
1818 1181 1918 1241 super
1988 1180 1990 1240 ξ

249 1268 361 1348 ultima
387 1269 477 1327 litera
508 1266 626 1347 aliquid
660 1284 788 1330 erasum
823 1273 883 1326 est.
909 1266 1077 1326 -Tertia
1108 1265 1176 1325 lere
1200 1284 1275 1342 pars
1299 1257 1420 1327 codicis
1444 1270 1476 1326 Σ
1495 1268 1642 1328 omuibus
1666 1267 1811 1345 apicibus
1828 1273 1918 1327 caret
1990 1272 1992 1328 ἒ

251 1380 284 1432 et
306 1367 490 1451 ubicunque
513 1373 610 1452 sigua
634 1376 814 1444 occurrunt,
838 1388 995 1449 nusquam
1021 1376 1097 1428 sunt
1119 1372 1270 1429 continuo
1294 1369 1347 1429 vel
1370 1371 1433 1429 sihi
1460 1373 1651 1431 constantia.
1680 1371 1765 1430 Talis
1790 1371 1917 1448 apicum
1992 1364 1993 1370 '

250 1494 333 1536 usos
357 1479 390 1536 in
415 1476 485 1536 aliis
509 1476 650 1554 antiquis
673 1476 806 1553 papyris
830 1480 861 1533 et
884 1471 1048 1534 codicibus
1065 1475 1237 1552 invonitur.
1269 1473 1314 1532 Dc
1330 1475 1462 1552 papyris
1480 1476 1595 1532 aetatis
1613 1477 1750 1554 Augusti
1770 1467 1836 1560 (il
1850 1472 1917 1534 vid.
1995 1504 1996 1548 q

250 1578 374 1640 Osann.
408 1578 538 1651 Quaest.
566 1578 692 1638 llomer.
715 1578 798 1636 Part.
826 1577 853 1636 11
880 1595 910 1655 p.
934 1578 953 1635 t
977 1595 1049 1656 sqq.
1092 1577 1137 1636 De
1169 1576 1318 1636 l'aticauo
1343 1576 1506 1636 bibliorum
1534 1595 1698 1638 sacrorum
1726 1576 1837 1638 codice
1864 1576 1917 1651 (B.
1967 1550 1997 1620 ί

249 1683 308 1743 Νο.
330 1682 428 1759 1209)
462 1682 591 1742 Saeculi
613 1678 679 1752 Ill,
714 1679 899 1740 Dioscoride
923 1680 1086 1743 Caesareo
1112 1678 1197 1739 vind.
1223 1677 1368 1756 ejusdem
1392 1679 1529 1752 Saeculi,
1561 1679 1731 1762 Borgianis
1755 1680 1919 1762 fragmen·
1999 1693 2000 1702 ¹

249 1789 294 1845 tis
318 1785 445 1847 Saeculi
467 1783 503 1853 ll}
525 1783 590 1845 vid.
616 1782 836 1845 Tischendorl.
860 1784 905 1842 Dc
928 1783 1004 1844 Cod.
1030 1784 1180 1842 Vaticano
1204 1785 1236 1842 in
1258 1782 1412 1856 llllmaun.
1438 1781 1525 1842 Stud.
1541 1792 1582 1842 et
1598 1784 1669 1844 Crit.
1691 1783 1781 1844 1847.
1798 1784 1820 1844 Ι.

955 1971 1217 1984 .-------
1272 1925 1285 1960 Ι

339 2101 627 2183 luterpungebatur
656 2101 779 2180 passim
803 2101 835 2160 in
857 2102 895 2175 Σ,
926 2099 1021 2180 idque
1045 2118 1272 2180 nonnunquam
1309 2101 1348 2161 ab
1379 2103 1450 2180 ipso
1474 2099 1680 2181 calligrapho.
1708 2119 1783 2161 nam
1806 2101 1918 2160 literae

256 2205 404 2284 ejusdem
427 2207 533 2265 lineae
562 2206 740 2265 continuari
770 2204 886 2274 soleut,
914 2203 973 2264 sed
1002 2221 1229 2292 nonuunquam
1260 2205 1312 2265 ubi
1334 2207 1565 2283 interpunctum
1596 2212 1657 2277 est,
1686 2207 1823 2283 spatium
1847 2205 1920 2264 reli-

253 2316 340 2372 ctum
364 2327 442 2369 esse
466 2314 608 2388 apparet.
654 2311 693 2368 At
715 2309 748 2366 in
771 2307 868 2388 louge
890 2307 1034 2386 plurimis
1058 2307 1138 2368 locis
1163 2311 1322 2368 recentior
1344 2310 1549 2386 interpunxit,
1572 2315 1606 2368 ul
1622 2307 1747 2388 utynrh.
1764 2310 1787 2368 1.
1811 2307 1841 2386 ἕ.
1858 2309 1918 2368 26:

255 2411 399 2491 Θηβαῖοι,·
422 2445 461 2456 -
492 2411 623 2484 (ίιωιιεϊςς
652 2411 696 2472 lbi
725 2411 892 2490 plurimum
920 2411 1214 2491 interpungebatur‚
1245 2411 1297 2472 ubi
1327 2415 1490 2471 sententia
1520 2411 1615 2472 dubia
1646 2418 1707 2482 est,
1735 2418 1767 2471 ut
1792 2411 1868 2470 Phil.
1892 2411 1920 2470 Il

253 2515 284 2596 ἓ.
314 2515 370 2576 18:
398 2511 561 2593 θεραπεύει
587 2510 675 2584 τινσίς.
712 2512 862 2592 Θηβαίους
896 2517 944 2572 καί
970 2513 1214 2590 Πελοποννησίων
1242 2511 1311 2584 τοὺς
1343 2511 1438 2574 vaurd
1464 2515 1669 2593 βουλομένους.
1696 2548 1736 2561 -
1765 2513 1920 2596 (dynant

255 2619 286 2699 ἓ.
303 2619 340 2680 9:
374 2613 495 2695 νῦνῆᾶη
522 2609 669 2698 (εἰσρῐσ
691 2621 750 2676 νυνί
777 2614 831 2694 δή)
864 2614 963 2696 καιρὰς
989 2610 1052 2694 ἥκει
1073 2639 1115 2686 τις
1137 2609 1232 2686 οὗτος·
1260 2615 1359 2678 ὁτῶν
1386 2616 1551 2680 Ὀλυνθίων.
1584 2621 1661 2681 Post
1684 2611 1769 2687 οὗτος
1797 2621 1919 2679 receuti

260 2723 411 2797 (altiore)
439 2729 615 2784 atramento
639 2725 769 2804 signum
804 2722 879 2798 (·)
911 2727 1062 2782 mutatum
1090 2728 1141 2781 cst
1169 2724 1202 2782 in
1232 2721 1293 2783 hoc
1331 2723 1390 2798 (3).
1425 2723 1565 2784 Priorum
1597 2725 1682 2784 euim
1706 2729 1920 2785 correctorum

254 2829 336 2888 ratio
358 2825 606 2906 interpungendi
627 2834 679 2886 est
702 2829 832 2906 antiqua
856 2825 936 2886 solis
958 2829 1086 2905 punctis
1105 2832 1165 2885 ‘aut
1187 2828 1251 2886 ima
1273 2825 1358 2886 linea
1380 2829 1497 2905 positis
1521 2833 1574 2888 aut
1597 2845 1724 2888 summa
1744 2835 1799 2888 aut
1814 2825 1921 2886 media

259 2932 312 3008 (.
346 2957 357 2982 ·
389 2944 401 2966 ·
430 2933 461 3007 ).
502 2930 603 2990 Etiam
625 2928 687 2991 duo
717 2937 836 3010 puncta
869 2932 902 2990 in
929 2929 994 2990 lino
1029 2931 1144 3009 capitis
1173 2929 1380 2990 inveniuntur
1412 2931 1471 3008 (t),
1501 2939 1534 2992 ut
1570 2931 1682 2992 Phihl
1710 2929 1741 3008 §.
1766 2929 1806 2990 29
1837 2925 1920 2989 τοῦτ’

252 3027 312 3110 r'p'dq
335 3029 427 3102 λίξωι

964 3138 1220 3164 ----Ι--

344 3282 539 3362 Compendia
555 3301 626 3342 rara
643 3281 769 3362 quidem
785 3279 984 3362 calligraphi,
1003 3282 1210 3341 inveniuntur
1224 3288 1331 3342 tamen
1355 3281 1452 3342 hoec:
1477 3304 1493 3340 ν
1515 3284 1547 3343 in
1567 3285 1789 3343 terminatione
1804 3281 1923 3343 lineola

257 3383 487 3466 significatum.
503 3419 544 3429 -
560 3389 626 3447 θαι.
643 3418 682 3432 -
699 3387 747 3444 και
770 3389 860 3445 vario
884 3389 980 3464 signo
1004 3403 1066 3444 nec
1088 3391 1152 3444 tam
1176 3402 1247 3446 raro
1270 3388 1405 3446 occurrit
1429 3404 1523 3464 quam
1548 3385 1620 3459 alia,
1644 3389 1740 3446 etiam
1762 3389 1795 3446 in
1816 3385 1922 3447 medio

256 3489 429 3562 vocabulo,
453 3496 486 3548 ut
507 3488 626 3560 δίκαιος,
649 3485 757 3556 σιιιιιιίς.
781 3521 821 3532 -
854 3489 1025 3548 Praeterea
1055 3489 1195 3548 breviter
1227 3489 1408 3550 scribuntur
1429 3510 1474 3548 ov.
1511 3511 1579 3550 των.
1614 3483 1784 3566 ἅνθρωπος.
1814 3485 1922 3567 πατήρ.

258 3587 364 3670 μήτηρ.
398 3590 537 3669 σωτηρία.
560 3625 600 3638 -
632 3591 859 3671 compendium
890 3587 945 3670 ydp
972 3591 1076 3650 similo
1107 3599 1159 3650 est
1186 3600 1318 3652 nostrae
1341 3591 1374 3652 Y.
1400 3627 1439 3636 -
1471 3594 1506 3652 lu
1536 3592 1636 3671 λαβεῖν
1663 3599 1694 3653 et
1724 3592 1866 3654 fortasse
1889 3596 1923 3653 iu

258 3695 334 3756 aliis
357 3694 538 3772 inlinitivis,
562 3701 649 3756 certe
672 3698 848 3771 rarissimo,
872 3715 913 3754 ιιι
934 3694 1075 3755 breviter
1097 3697 1250 3774 scriptum
1272 3701 1334 3756 est.
