4186 5128
1033 253 1228 316 „5-

300 423 470 502 rhetorum,
486 428 541 507 qui
555 413 709 488 recitandi
724 443 826 488 causa
836 424 1018 493 seeundum
1034 429 1227 488 sententiam
1244 427 1347 488 tineas
1362 425 1524 488 liniebant.
1560 426 1773 488 Callimachus
1789 426 1960 490 Bibliothe-

301 529 653 598 oariusrtlexandriuus
664 530 691 601 *,
712 528 756 595 de
768 533 861 608 eujus
881 547 969 593 mere
986 531 1075 590 titulo
1094 531 1163 592 libri
1182 531 1320 590 indicato
1333 535 1427 594 etiam
1441 516 1594 594 linearum
1612 535 1733 612 numeri
1746 531 1879 594 addendi
1891 531 1958 592 vid.

301 637 438 700 Cassub.
463 633 633 714 adAthen.
657 633 696 711 lll
715 629 746 712 p.
763 633 825 702 244
848 638 895 708 rh,
918 639 952 694 ut
974 633 1099 698 videtur
1120 631 1240 714 primus
1265 625 1489 696 Demosthenis
1513 641 1675 696 orationes
1697 638 1730 696 in
1753 653 1871 698 versus
1887 654 1959 696 ora-

236 743 239 749 “
303 745 402 804 tories
424 723 553 802 divisit.
571 737 657 799 ldem
674 737 838 800 Ciceronis
860 737 1057 800 orationibus
1075 737 1200 812 accidit,
1224 737 1305 800 idern
1322 741 1427 802 saeris
1444 737 1557 810 bibliis.
1570 731 1573 742 ’
1584 738 1683 800 Etiam
1700 738 1822 800 codicis
1838 739 1960 800 Tuscu-

303 846 396 908 lanas
412 844 528 904 Tullias
543 844 737 902 continentis
753 841 889 902 Saeculo
905 841 957 910 lxi
989 843 1097 920 scripti
1115 849 1146 902 et
1165 844 1198 902 in
1213 841 1356 904 Biblioth.
1382 837 1480 907 Paris.
1497 829 1575 923 Reg.
1599 843 1653 926 No.
1667 842 1750 905 6332
1773 844 1960 904 conservati

303 950 406 1014 lineae
429 946 606 1010 seeundum
629 947 809 1006 sententias
833 944 960 1006 divisae
987 951 1138 1025 impares
1156 953 1239 1006 sunt.
1273 945 1359 1008 lilius
1381 947 1560 1017 traditionis
1584 954 1768 1032 auctorest
1792 947 1824 1008 S.
1848 947 1960 1008 lliern·

305 1070 431 1134 aymus,
458 1053 511 1132 qui
534 1067 631 1130 quum
653 1050 773 1128 primus
804 1049 887 1128 apud
915 1050 1045 1110 Latinos
1073 1047 1365 1128 interpretationem
1399 1049 1522 1112 Veteris
1549 1043 1745 1122 Testamenti
1772 1053 1805 1112 iu
1837 1067 1958 1112 versus

303 1157 459 1228 diviserit,
481 1157 635 1216 rationem
658 1151 800 1214 defendit
822 1153 969 1232 exemplo
993 1155 1166 1214 orationum
1190 1142 1415 1214 demosthenis
1439 1161 1470 1216 et
1493 1154 1659 1218 Ciceronis
1676 1173 1715 1218 eo
1737 1173 1825 1215 mere
1847 1153 1959 1215 distin·

304 1269 442 1322 ctarum:
462 1260 591 1333 „Nema
613 1259 724 1337 inquit,
740 1273 837 1336 quum
852 1257 1027 1335 Prophetas
1043 1258 1195 1318 versibus
1211 1257 1326 1318 viderit
1349 1275 1427 1318 esse
1442 1237 1641 1338 descriptos(
1655 1267 1755 1320 metro
1771 1275 1830 1320 eos
1846 1261 1960 1318 existi-

303 1372 368 1427 met
391 1362 476 1444 apud
504 1361 667 1424 Hebraeos
689 1360 792 1442 ligati.
815 1391 859 1404 -
881 1360 944 1422 Sed
967 1361 1051 1442 quud
1088 1366 1120 1422 in
1149 1361 1364 1422 Demosthene
1390 1369 1422 1422 et
1455 1365 1488 1424 in
1511 1362 1609 1424 Tullio
1639 1362 1708 1424 lieri
1730 1350 1824 1434 solet,
1845 1369 1878 1422 ut
1900 1359 1966 1442 per‘

304 1470 376 1532 cola
391 1467 571 1530 scribantur
593 1471 625 1526 et
648 1472 815 1540 commata,
838 1468 892 1545 qui
907 1467 1015 1544 utique
1039 1483 1135 1544 prosa
1157 1473 1189 1526 et
1210 1484 1273 1526 non
1293 1467 1442 1528 versibus
1467 1469 1737 1546 conscripserunt,
1753 1483 1813 1526 nes
1830 1482 1958 1546 quoque

305 1574 431 1634 utilitati
459 1570 630 1650 legentium
664 1567 872 1648 providentes
905 1572 1197 1648 interpretationem
1228 1587 1345 1630 novam
1383 1588 1468 1630 rrevc
1506 1570 1667 1632 scribendi
1697 1589 1819 1651 genere
1846 1568 1960 1630 distin-

304 1680 444 1739 ximus.“
484 1674 621 1735 Praelat.
644 1675 676 1734 in
699 1673 852 1734 Jesaiam.
888 1673 1005 1734 Postea
1028 1691 1107 1733 vere
1131 1681 1163 1734 ut
1186 1675 1391 1754 pergamenis
1413 1682 1581 1754 parcerent
1608 1675 1734 1736 scribae
1756 1675 1861 1734 lineas
1884 1680 1959 1752 pest

304 1782 425 1846 finitam
448 1780 639 1840 sententiam
663 1778 892 1838 continuabant
912 1785 944 1838 et
967 1785 1083 1856 puncto
1100 1781 1248 1857 antiques
1273 1795 1391 1838 uersus
1407 1781 1481 1838 sive
1504 1786 1661 1840 commata
1683 1778 1840 1840 rhetorica
1855 1777 1958 1858 signi-

304 1884 452 1948 ficabant.
472 1884 509 1942 ln
532 1883 565 1940 Σ
583 1884 786 1961 etiamnunc
801 1881 854 1944 illa
869 1889 987 1960 puncta
1001 1885 1124 1961 passim
1138 1889 1309 1960 apparent.
1323 1881 1360 1944 Ut
1380 1883 1452 1944 talis
1474 1900 1594 1944 ver-sus
1609 1886 1722 1944 citatur
1747 1883 1815 1942 Cor.
1833 1880 1958 1960 §.1792

306 1985 360 2048 edu
382 1983 459 2048 εἶπον
480 1987 536 2062 plo
556 1983 651 2046 ταῦτα
673 2001 778 2066 usque
801 1985 841 2047 ad
866 1983 1015 2063 Θηβαίους
1035 1991 1120 2046 totus
1144 1986 1234 2046 loeus
1257 1985 1387 2046 duarum
1409 1990 1545 2048 triumve
1567 1986 1730 2048 linearum.
1763 1985 1827 2048 l'id.
1844 1984 1957 2064 Aquila

307 2091 390 2156 Rom.
414 2090 444 2172 §.
473 2089 526 2150 40.
556 2087 697 2150 Eundem
720 2106 852 2150 versum
875 2090 928 2150 alii
949 2087 1042 2148 κῶλον
1063 2088 1220 2150 dixerunt.
1253 2089 1355 2150 Tiber.
1372 2089 1462 2152 Rhet.
1485 2086 1530 2166 κή.
1568 2091 1703 2152 Demetr.
1726 2089 1812 2150 Phal.
1836 2088 1865 2168 ς.
1882 2087 1956 2148 284.

306 2197 439 2276 Dionys.
463 2193 533 2254 llal.
557 2193 621 2253 Vol.
645 2192 678 2254 V.
701 2212 732 2272 p.
756 2193 797 2254 to
816 2203 866 2274 sq.
903 2192 1072 2255 Herodian.
1096 2193 1163 2274 Fig.
1186 2211 1216 2272 p.
1242 2192 1282 2252 59
1305 2193 1393 2254 Dind.
1424 2194 1541 2256 Contra
1563 2199 1675 2256 citatur
1704 2196 1814 2256 brevis
1837 2211 1957 2256 versus

304 2293 445 2375 ἥττημαι.
475 2297 590 2358 Joann.
613 2297 676 2358 Sic.
699 2297 791 2360 Rhet.
814 2297 861 2359 vl.
883 2316 913 2377 p.
940 2297 1000 2360 tat
1017 2297 1072 2357 W:
1100 2297 1214 2376 στίχους
1234 2298 1266 2356 ol
1289 2296 1389 2366 κοινῶς
1410 2289 1491 2360 οὗτοι
1509 2299 1595 2376 (soil.
1619 2301 1647 2358 οἱ
1667 2295 1803 2377 ῥήτορες)
1822 2296 1959 2357 καλοῦσιν

304 2397 444 2473 ἅπαντες,
466 2403 493 2462 εἰ
511 2397 605 2477 μόνον.
621 2400 698 2479 (scr.
720 2397 825 2479 μόνην)
845 2398 1027 2481 ἀπαρτίζων
1050 2397 1170 2473 ἔννοιαν,
1192 2397 1231 2470 ὡς
1252 2398 1286 2462 cd
1303 2395 1455 2478 Ἥττημαι.
1479 2402 1589 2464 Cicero
1605 2405 1700 2483 igitur
1715 2409 1802 2464 recte
1824 2419 1958 2462 versum

307 2505 465 2568 vocabule
487 2507 619 2568 membri
641 2505 825 2585 explicavit.
857 2505 922 2568 Vid.
943 2506 1087 2568 Museum
1102 2505 1192 2568 Rhen
1225 2505 1244 2566 l.
1268 2523 1296 2566 o.
1318 2525 1349 2585 p.
1375 2506 1437 2566 453
1460 2524 1510 2587 sq.

322 2629 325 2636 ’
391 2610 463 2672 Jam
486 2612 517 2670 in
539 2612 572 2668 Σ
590 2609 702 2671 codice
723 2617 758 2669 ut
780 2597 1022 2690 quaternionum
1044 2617 1076 2670 et
1098 2610 1251 2670 linearum
1274 2627 1424 2670 numerus
1441 2618 1575 2686 notatur,
1591 2612 1642 2672 sic
1657 2611 1763 2690 capita
1779 2610 1957 2670 orationum

304 2716 337 2776 in
359 2717 505 2794 margine
527 2721 559 2774 et
578 2731 700 2774 versus
722 2715 755 2774 in
778 2713 842 2774 fine
865 2721 1078 2776 numerantur.
1124 2713 1177 2774 Vei
1207 2712 1285 2788 hino
1302 2713 1374 2776 luce
1404 2715 1521 2776 clarius
1551 2715 1656 2777 elucet
1688 2715 1749 2776 hos
1772 2732 1891 2775 versus
1915 2713 1957 2774 ah

304 2819 365 2878 illis
388 2817 482 2880 lineis
504 2817 655 2879 diverses
679 2835 757 2878 esse
780 2821 946 2880 oratorios.
971 2817 1090 2878 Deinde
1112 2835 1262 2878 numerus
1291 2805 1444 2880 versuum
1466 2819 1667 2898 subscriptus
1692 2821 1874 2898 neutiquam
1898 2837 1957 2878 nu·

302 2940 391 2983 mero
414 2923 567 2983 linearum
589 2919 770 3002 respondet,
794 2922 910 2982 nullius
932 2922 1012 2986 libri.
1035 2940 1109 2982 nam
1132 2922 1208 2982 Phil.
1232 2923 1256 2994 1,
1278 2940 1363 3002 quae
1386 2930 1498 3004 quarta
1521 2931 1610 3002 parte
1635 2925 1762 2984 brevior
1785 2930 1836 2984 est
1859 2941 1955 3003 quam

303 3026 381 3087 Phil.
405 3025 441 3099 ll,
463 3025 571 3105 plures
591 3043 710 3087 versus
734 3028 874 3086 continet
895 3043 991 3105 quam
1014 3026 1095 3087 haec
1119 3027 1227 3086 altera.
1257 3027 1303 3086 llli
1334 3027 1515 3106 subscripta
1544 3035 1596 3090 est
1618 3028 1681 3088 460
1704 3045 1855 3088 versuum
1871 3034 1957 3102 neta,

302 3129 376 3192 huic
400 3130 586 3192 alteriaco.
623 3131 701 3192 ltem
724 3129 801 3190 Phil.
824 3130 874 3205 lll,
897 3147 980 3211 quae
1008 3148 1028 3190 a
1059 3131 1212 3209 Dionysio
1247 3131 1295 3209 (p.
1312 3130 1374 3190 947
1391 3131 1433 3207 R)
1470 3131 1582 3193 dicitur
1608 3133 1747 3194 maxima
1769 3131 1959 3210 Philippica·

304 3253 382 3308 rum,
399 3236 570 3314 panciores
593 3252 711 3296 versus
735 3234 831 3295 habet
854 3245 947 3314 quam
972 3235 1098 3296 brevior
1120 3234 1389 3296 Chersonesitioa.
1419 3236 1591 3298 lllahabet
1606 3253 1725 3296 versus
1741 3235 1803 3296 580
1819 3243 1850 3296 et
1864 3238 1959 3317 pagi·

303 3357 365 3402 nes
386 3339 540 3400 Reiskias
563 3337 614 3414 21,
645 3338 906 3401 Chersonesitica
934 3355 1052 3400 versus
1076 3337 1139 3398 590
1162 3345 1195 3398 et
1222 3327 1362 3419 popinas
1394 3340 1428 3398 R.
1452 3340 1502 3398 20.
1538 3339 1588 3401 0r.
1617 3359 1644 3400 c.
1668 3339 1755 3400 Boot.
1778 3340 1803 3399 ll
1833 3340 1958 3402 brevis-

304 3445 397 3516 sima,
420 3445 609 3524 paginarum
632 3442 741 3504 Reisk.
768 3441 816 3515 18,
838 3444 979 3504 continet
1002 3442 1065 3502 570
1087 3460 1217 3504 versus.
1248 3444 1414 3504 Prooemia
1440 3452 1471 3503 et
1494 3444 1652 3523 Epistclac
1667 3462 1723 3523 pro
1746 3445 1902 3504 brevitate
1924 3447 1957 3506 in

304 3546 401 3628 longe
428 3547 537 3626 plures
569 3563 689 3608 versus
723 3545 905 3608 dividuntur
937 3563 1031 3626 quarn
1065 3549 1238 3607 orationes.
1259 3569 1262 3576 ¹
1281 3547 1441 3612 infirmum
1477 3551 1573 3630 igitur
1604 3567 1622 3608 e
1649 3567 1800 3608 versuum
1828 3567 1958 3608 numero

307 3649 465 3730 Sauppius
484 3651 582 3728 (llus.
604 3651 705 3712 Rhen.
728 3650 748 3712 1.
772 3668 800 3712 c.
823 3669 854 3730 p.
878 3650 940 3710 453
964 3654 1035 3728 net)
1074 3656 1106 3710 et
1128 3651 1326 3730 liroysenius
1343 3653 1443 3727 (Diar.
1459 3655 1530 3713 Ant.
1551 3653 1631 3714 1845
1654 3653 1708 3712 No.
1726 3652 1762 3728 2)
1790 3670 1960 3734 argumen-

264 3739 270 3752 ’
305 3760 370 3814 tum
400 3758 556 3832 petierunt
592 3754 633 3816 ad
660 3755 852 3817 documenta
889 3757 922 3816 in
956 3757 1098 3816 eratione
1134 3755 1359 3818 demosthenis
1397 3755 1437 3817 de
1477 3775 1596 3817 corona
1632 3756 1838 3836 reprobanda.
1881 3756 1959 3818 Nihil

304 3857 441 3919 efficitur
469 3861 532 3920 nisi
559 3867 593 3920 ut
620 3858 810 3920 documenta
838 3858 892 3920 illa
919 3861 951 3920 in
981 3857 1104 3920 versus'
1130 3861 1286 3945 oratorios
1319 3879 1382 3922 nen
1413 3862 1478 3922 sint
1499 3861 1615 3932 divise,
1638 3861 1761 3923 scilicet
1790 3860 1829 3922 ad
1860 3869 1959 3942 artem

307 3963 475 4024 oratoriam
497 3982 560 4024 non
583 3963 792 4042 pertinebant.
823 3963 870 4026 ct.
895 3963 1086 4044 Programm.
1118 3963 1260 4024 Franeol.
1290 3961 1380 4026 1814.
1407 3967 1437 4024 1.
1460 3985 1489 4044 p.
1510 3965 1558 4026 12.
1595 3964 1712 4039 Quodsi
1736 3973 1810 4028 sunt
1833 3967 1961 4038 oratorii

308 4081 425 4128 versus
448 4070 480 4128 in
502 4068 535 4124 Σ
551 4067 662 4130 codice
688 4067 827 4144 indicati,
844 4066 1015 4128 manifesta
1038 4075 1088 4128 est
1111 4070 1199 4140 ratio,
1223 4086 1279 4130 cur
1301 4071 1333 4128 iu
1356 4069 1428 4129 aliis
1451 4068 1615 4132 codicibus
1639 4069 1690 4130 ille
1711 4086 1861 4130 numerus
1885 4070 1961 4130 sub-

308 4169 446 4246 scriptus
472 4191 545 4233 cum
570 4172 604 4228 Σ
626 4175 808 4246 conveniat,
830 4174 894 4232 uisi
917 4171 968 4232 ubi
992 4179 1043 4230 est
1065 4178 1164 4232 terror
1186 4172 1371 4234 scribarum.
1407 4172 1454 4234 Cf.
1476 4173 1515 4234 ad
1538 4174 1703 4235 clausulas
1726 4177 1874 4235 noterit.
1901 4173 1959 4234 His

308 4277 506 4354 argumentis
533 4275 566 4336 S.
589 4275 775 4357 Hieronymi
797 4275 920 4337 traditio
944 4271 1156 4336 confirmatur.

309 4445 621 4462 ——-——-

376 4557 402 4624 ⁸)
423 4557 459 4608 lte
477 4558 527 4609 illo
540 4559 704 4613 Callimacho
716 4561 829 4625 allisque
854 4557 1042 4629 πινακογριὶφοις
1060 4561 1119 4611 vide
1133 4574 1201 4612 nune
1222 4562 1302 4612 etlam
1316 4563 1507 4614 Schneidewin.
1521 4563 1637 4615 Praetat.
1653 4565 1687 4613 ed
1701 4563 1823 4629 llyperid.
1836 4577 1860 4627 p.
1873 4563 1937 4612 xlv.
