4186 5128
881 219 1156 322 ,κδ-

658 437 711 497 De
733 436 984 515 praestantia
1008 441 1045 495 et
1072 433 1254 496 devitiis
1282 433 1450 495 codicis.

312 543 513 604 Praestantia
536 542 657 603 codicis
687 541 738 602 din
769 544 899 619 cognita
931 547 992 600 cst.
1030 539 1103 600 Jam
1135 539 1577 601 Parisinae·Thierschianae
1606 543 1742 624 margini
1765 541 1883 606 noted

224 653 371 712 varietas
393 649 515 710 codicis
543 647 582 706 ad
606 644 731 738 iliynth.
755 645 816 702 Ι-
830 645 880 720 ΙΙΙ,
903 643 979 704 Phil.
1003 645 1016 702 Ι
1039 649 1071 704 et
1093 645 1265 704 maximam
1292 651 1414 722 partem
1438 629 1481 704 or.
1509 642 1549 704 de
1576 645 1883 729 Pace,nescio.quo

225 764 369 835 tempore
391 754 485 815 docta
507 768 622 811 manus
646 748 825 828 adscripsit.
856 749 934 808 Tum
956 749 1108 828 Augerus
1143 747 1182 808 ad
1206 747 1325 826 aliquot
1346 747 1437 808 locos
1467 747 1677 830 corrigendos
1699 749 1777 811 libro
1801 769 1884 814 usus

226 865 277 920 ast
301 863 330 920 in
354 858 431 920 Edit.
455 855 707 934 Philippicarum.
745 853 822 912 Tum
838 852 1002 913 Dobraeus
1019 852 1120 912 literis
1143 853 1183 912 ad
1199 851 1348 911 Thomam
1372 851 1517 912 iliddium
1541 870 1625 912 anuo
1652 851 1731 913 1814
1750 855 1885 916 Parisiis

226 965 309 1024 datis
336 962 424 1040 (vid.
448 962 577 1021 Dawes.
608 957 739 1018 Misceli.
769 975 799 1035 p.
824 955 882 1016 221
917 955 966 1017 ed.
991 956 1021 1017 2.
1053 955 1162 1033 liidd.)
1200 957 1329 1034 scripsit
1358 955 1453 1034 hujus
1483 955 1604 1017 codicis
1634 974 1713 1018 esse
1744 960 1882 1021 scribam

226 1067 351 1128 doctum
376 1085 418 1126 ex
442 1081 545 1144 eoque
568 1061 656 1122 fonte
679 1060 776 1121 multa
799 1059 840 1120 ad
861 1060 951 1120 iocos
975 1061 1052 1122 Dem
1084 1058 1291 1140 corrigendos
1307 1062 1398 1138 petiit
1420 1061 1452 1119 in
1469 1060 1666 1120 adversariis
1683 1063 1763 1136 auls,
1786 1066 1881 1127 etiam

225 1176 258 1232 in
275 1170 527 1248 Aristophanicis
545 1167 630 1256 'locis
652 1160 849 1224 tractandis
869 1165 990 1224 Primus
1013 1163 1108 1242 paulo
1132 1170 1205 1242 post
1229 1162 1268 1223 ad
1290 1181 1403 1223 omnes
1425 1164 1509 1224 illius
1532 1166 1693 1226 orationes
1716 1170 1880 1248 corrigen-

224 1277 285 1337 das
300 1276 409 1335 librum
426 1271 570 1334 adhibuit
580 1271 665 1330 lmm.
682 1269 859 1341 seriens,
875 1285 971 1347 quum
988 1287 1016 1327 a.
1039 1266 1118 1327 1816
1135 1267 1337 1346 Philippicas,
1353 1276 1418 1328 tum
1435 1287 1479 1328 or.
1496 1267 1536 1328 de
1552 1285 1672 1332 coroua
1693 1277 1724 1330 et
1740 1287 1769 1330 a.
1792 1269 1871 1331 1824

225 1381 366 1460 reliquas
389 1377 507 1438 ederet.
539 1375 647 1435 Denuo
671 1376 757 1433 circa
786 1391 814 1434 a.
843 1371 922 1431 1845
959 1375 1120 1431 orationes
1143 1373 1306 1446 Aristocr.,
1330 1363 1467 1432 Timo'cr.
1492 1378 1523 1432 et
1545 1371 1616 1431 tals.
1640 1372 1736 1454 legat.
1759 1393 1830 1434 cum
1852 1375 1884 1432 Σ

212 1487 258 1544 'in
280 1501 374 1544 usum
397 1481 523 1541 Weberi
554 1479 717 1538 Gustavus
749 1475 933 1536 Weilandus
957 1477 1097 1550 contulit,
1121 1481 1152 1536 et
1179 1493 1291 1535 omnes
1321 1479 1437 1536 iterum
1467 1478 1628 1537 orationes
1652 1477 1815 1539 Dribnerus
1840 1479 1879 1540 ad

225 1586 416 1647 Dindoriiam
440 1583 614 1645 Editiouem
637 1581 864 1641 instruendam.
903 1580 1045 1660 Denique
1068 1582 1142 1658 ipsi,
1166 1587 1198 1640 ut
1222 1579 1315 1640 uobis
1338 1579 1492 1655 videmur,
1516 1583 1790 1642 accuratissimum
1812 1585 1879 1643 stu·

225 1690 309 1750 dium
333 1693 366 1750 in
389 1690 473 1750 hunc
496 1689 635 1747 laborem
658 1684 869 1763 impendimus
894 1703 922 1744 a.
951 1683 1041 1744 1846.

311 1795 420 1854 Merito
444 1809 556 1852 omnes
578 1793 611 1850 in
634 1789 745 1850 codice
768 1789 926 1850 laudando
949 1790 1178 1848 consentimus.
1218 1787 1291 1849 Jam
1316 1789 1403 1849 cuim
1425 1787 1557 1850 Kiddius
1579 1791 1612 1850 in
1634 1789 1764 1852 Darves.
1790 1792 1879 1853 Misc.

226 1995 479 2064 membranarum
503 1998 885 2061 Clarkio·Bodleianarum
916 1999 1057 2057 Platonis
1093 2004 1124 2056 et
1153 1996 1273 2057 codicis
1304 1996 1388 2057 illius
1419 1999 1527 2076 optimi
1549 1987 1771 2058 Demosthenis
1794 2002 1882 2060 simi-

227 2107 390 2168 litudinem
413 2103 621 2166 intercedere.
646 2103 737 2162 ambo
761 2101 908 2163 videntur
932 2104 1142 2162 amantissimi
1165 2104 1347 2161 vetustatis.
1369 2108 1503 2182 uterque
1530 2102 1697 2162 emendate
1720 2102 1881 2164 scribendi

228 2229 464 2291 usquequaque
488 2211 596 2287 asperi
619 2213 823 2268 exactores.“
859 2207 998 2286 Uterque
1020 2225 1063 2265 cx
1092 2207 1249 2266 Atticiano
1279 2199 1367 2265 tonte
1398 2223 1552 2267 manasse
1574 2205 1732 2280 videntur,
1755 2204 1794 2265 de
1817 2223 1880 2285 quo

232 2334 293 2374 nos
318 2315 381 2374 alia
404 2316 589 2374 occasione.
635 2312 724 2372 lianc
754 2313 909 2392 originem
940 2311 1100 2390 Sauppius
1130 2309 1228 2388 Epist.
1253 2308 1293 2370 ad
1312 2309 1485 2396 ·Hermann.
1518 2329 1549 2388 p.
1574 2310 1614 2370 50
1637 2309 1771 2370 feliciter
1792 2309 1881 2369 inda·

227 2423 328 2501 gavit.
363 2419 440 2478 Nam
464 2435 559 2498 quarn
581 2418 808 2477 Atticianorum
840 2415 1055 2493 exemplorum
1078 2414 1246 2474 lectionem
1273 2421 1321 2473 ter
1350 2414 1556 2493 Harpocratio
1579 2413 1666 2489 dixit,
1696 2412 1831 2474 eandem
1853 2415 1885 2471 Σ

168 2575 170 2578 .
227 2522 378 2584 exhibuit.
409 2522 542 2601 Reliqua
565 2508 692 2600 quoque
716 2523 822 2599 optimi
839 2523 996 2599 cujusque
1017 2503 1140 2579 ¹codicis
1165 2520 1197 2578 in
1220 2519 1252 2576 Σ
1272 2525 1448 2594 occurrunt,
1465 2519 1570 2599 qualia
1586 2525 1659 2579 sunt
1675 2517 1766 2593 haec,
1789 2539 1799 2575 ι
1821 2535 1881 2578 suo
1992 2509 1994 2513 ’

226 2628 297 2688 loco
314 2626 546 2704 adscriptum*,
581 2628 735 2684 omissum
761 2627 793 2684 in
819 2621 929 2700 colpeio
955 2623 1176 2702 similibusque
1202 2621 1380 2695 infinitivis,
1396 2622 1510 2682 ἐθέλειν
1531 2629 1562 2684 et
1589 2627 1694 2691 ἐκεῖνος
1720 2623 1782 2682 nisi
1807 2630 1882 2702 post

226 2732 345 2811 longas
361 2729 506 2802 vocales,
522 2727 623 2802 odito,
647 2725 773 2804 τοῦνομα
796 2735 827 2787 et
850 2728 972 2806 reliqua
996 2728 1098 2800 elisio,
1117 2726 1156 2786 dc
1180 2743 1243 2805 qua
1265 2743 1326 2786 nos
1348 2728 1381 2786 in
1405 2729 1509 2805 capite
1525 2727 1565 2788 de
1581 2727 1784 2806 apostropho,
1806 2729 1881 2787 item

227 2835 311 2916 quod
333 2855 350 2892 r
372 2841 404 2894 et
426 2853 440 2901 ς
462 2831 569 2893 finalia
592 2850 694 2911 saepe
717 2835 813 2892 etiam
836 2839 909 2890 ante
925 2831 1072 2891 vocalem
1089 2833 1256 2910 sequentis
1272 2831 1421 2890 vocabuli
1443 2831 1549 2910 posita
1571 2838 1655 2906 sunt,
1678 2831 1796 2912 dequo
1819 2850 1881 2892 usu

226 2957 290 2999 nos
306 2940 339 2998 in
362 2940 467 3016 eapite
490 2936 529 2997 de
552 2957 568 2994 a
591 2942 622 2997 et
644 2958 659 3004 ς
681 2935 835 2996 adductis.
865 2935 957 2996 Plura
972 2937 1157 3014 majoraque
1171 2937 1391 3014 praestantiae
1414 2937 1511 3016 sigua
1525 2937 1698 3018 invenietis
1720 2938 1753 2996 in
1776 2936 1881 2996 Prole-

228 3044 377 3124 gomenis
401 3041 440 3102 de
464 3040 584 3101 formis.
708 3019 709 3026 ἵ

312 3148 459 3208 Attamen
481 3145 760 3225 praetantissimus
783 3143 861 3204 iiber
883 3163 947 3203 non
971 3150 1060 3204 caret
1075 3145 1163 3204 vitiis
1179 3143 1339 3223 multaque
1361 3144 1393 3200 Σ
1412 3145 1516 3204 omisit
1539 3145 1675 3223 quaein
1698 3143 1769 3204 aliis
1784 3161 1879 3202 manu
1942 3159 1944 3163 ·

228 3253 355 3330 scriptis
379 3253 464 3310 etin
488 3250 634 3309 omnibus
657 3248 729 3308 oiim
758 3251 927 3334 expressis
951 3247 1108 3329 leguntur,
1139 3253 1170 3308 et
1194 3254 1268 3307 aunt
1295 3249 1353 3308 viri
1378 3246 1472 3322 docti,
1502 3251 1556 3327 qui
1588 3254 1704 3320 „caute
1726 3247 1777 3306 iilo
1800 3246 1878 3306 libro

226 3355 377 3414 utendum
401 3371 478 3414 esse
497 3355 630 3437 jubeant
657 3355 773 3432 quippe
797 3352 908 3413 doctas
926 3351 1137 3432 indoctasque
1163 3354 1440 3432 grammaticorum
1460 3369 1575 3411 manus
1597 3370 1661 3412 non
1676 3369 1739 3438 uno
1754 3353 1785 3410 in
1807 3349 1879 3410 loco

230 3465 386 3538 experto“
416 3457 553 3518 Dindori.
577 3457 680 3517 Praei.
703 3457 788 3536 Lips.
812 3476 842 3536 p.
864 3455 895 3516 1.
924 3455 1067 3515 Bromius
1090 3462 1194 3515 autem
1224 3455 1282 3531 (ad
1305 3439 1425 3534 dphob.
1448 3455 1470 3515 Ι.
1494 3454 1523 3532 §.
1549 3455 1589 3516 62
1612 3475 1642 3534 p.
1667 3455 1877 3532 ammonuit:

227 3563 297 3636 „Ex
313 3563 418 3622 multis
435 3562 514 3622 locis
538 3567 753 3642 cognovimus
770 3561 926 3622 librarium
945 3559 1065 3622 codicis
1082 3559 1206 3620 doctum
1223 3559 1327 3620 luisse
1343 3561 1589 3640 grammaticum.
1613 3559 1686 3620 hinc
1709 3557 1880 3640 siquando

226 3669 342 3727 rationi
367 3665 490 3726 cuidam
515 3664 716 3754 adhaeserat,
738 3683 809 3726 eam
832 3664 991 3726 mordicus
1015 3665 1142 3725 tenebat
1166 3671 1197 3724 et
1221 3669 1406 3730 constanter
1428 3663 1593 3737 inferebat,
1610 3681 1705 3744 quum
1721 3665 1818 3724 ceteri
1841 3681 1880 3723 se
1914 3737 1918 3746 .

227 3769 396 3851 proderent
427 3772 489 3848 ipsi
512 3773 761 3830 inconstantia.“
799 3767 896 3843 Quum
926 3768 1002 3829 nihil
1031 3785 1121 3841 sane,
1156 3775 1189 3828 ut
1223 3767 1263 3827 de
1291 3768 1352 3828 hac
1380 3770 1540 3829 sententia
1562 3773 1704 3828 nostium
1728 3767 1880 3846 judicium

227 3875 476 3954 interponamus,
506 3874 710 3952 proficiamus
746 3873 863 3934 talibus
901 3871 941 3940 de
969 3851 1125 3932 univer'sa
1160 3874 1284 3931 ratione
1319 3873 1531 3950 opinionibus,
1565 3871 1694 3950 singula
1724 3872 1880 3950 capitibus

224 3978 268 4040 de
295 3977 405 4038 formis
433 3978 647 4038 tractabimus.
686 3956 902 4058 Engelhardti'
918 3993 1044 4056 quoque
1070 3983 1277 4054 praeceptum
1310 3977 1458 4036 limitibus
1481 3975 1801 4042 circumscribendum
1831 3981 1883 4036 est

146 4080 176 4152 ’,
229 4085 397 4144 censentis
424 4083 556 4160 (Annot.
581 4085 647 4143 crit.
672 4085 703 4143 in
728 4083 813 4142 ilem.
836 4101 866 4160 p.
884 4081 921 4160 i)
947 4079 1090 4153 „codicis
1105 4081 1138 4137 Σ
1156 4082 1264 4141 vitium
1281 4083 1486 4160 praecipuum
1501 4083 1533 4140 in
1557 4078 1727 4140 omittendo
1742 4083 1881 4158 positum

315 4359 340 4422 *)
361 4361 483 4408 Attamen
502 4359 662 4421 saepissime
676 4355 734 4419 ὅσω,
756 4354 877 4420 τοσούτω,
899 4352 985 4405 πολλῶ
1010 4357 1160 4419 similiaque
1178 4358 1308 4408 adverbia
1332 4357 1390 4406 aine
1414 4369 1447 4406 ea
1469 4357 1550 4406 litera
1573 4355 1686 4417 exhibet,
1705 4369 1774 4418 quae
1791 4357 1881 4405 forma

229 4446 309 4496 etiam
329 4447 395 4494 alibi
418 4449 545 4508 frequens
571 4447 697 4495 occurrit.
730 4447 780 4494 Sed
807 4446 922 4494 aiteram
950 4456 1135 4506 nonnunquam
1160 4445 1274 4494 formam
1297 4443 1454 4505 invenimus,
1477 4448 1509 4508 ut
1525 4439 1583 4490 b'oorr
1599 4469 1634 4478 -
1651 4439 1773 4490 sonoriter
1789 4442 1879 4491 Chera.

229 4533 252 4594 §.
273 4533 313 4582 50.
341 4533 439 4582 Contra
458 4532 608 4597 Hyperidae
625 4531 779 4581 Ardenlaua
800 4531 924 4581 exhibent
943 4531 1022 4580 etiarn
1041 4525 1116 4578 olicae
1134 4529 1217 4594 (idern
1236 4525 1311 4577 viltor
1328 4527 1355 4575 Σ
1373 4528 1445 4591 hept.
1468 4528 1493 4590 §.
1513 4529 1570 4592 113,
1588 4531 1636 4580 aed
1654 4548 1664 4574 ι
1680 4530 1780 4579 lineola
1797 4536 1879 4577 uota-

229 4619 299 4684 lum)
320 4636 400 4684 aaron,
423 4635 487 4682 syort,
513 4631 685 4682 πιντηικοντα,
711 4630 835 4681 ιποιησωι,
862 4614 958 4674 aletur,
980 4613 1046 4680 qdqr,
1075 4619 1122 4666 sed
1149 4618 1206 4667 alne
1224 4617 1303 4666 litera
1331 4617 1509 4666 adscribenda
1535 4612 1593 4680 tora,
1614 4612 1727 4679 δημοσια.
1760 4613 1816 4664 Vid.
1838 4615 1880 4664 ed·

228 4705 420 4758 Schneidewin.
439 4721 464 4770 p.
482 4706 536 4755 ΧΙΙ.
556 4711 583 4756 et
601 4706 718 4755 Addeud.
749 4705 801 4755 seu
820 4703 960 4754 rarissima
979 4708 1041 4753 sunt
1058 4703 1085 4753 iu
1102 4701 1130 4750 Σ
1146 4697 1220 4768 talia,
1238 4711 1356 4754 attamen
1374 4719 1513 4766 ιγγιντατωι
1529 4704 1587 4755 biid.
1601 4703 1626 4766 s.
1641 4703 1697 4754 i23.
