4186 5128
1029 246 1219 306 ..p-

297 436 386 482 asse.
410 421 474 477 tam
497 430 597 492 saepe
619 413 715 484 enim,
745 413 854 492 inquit,
886 413 1042 474 crucibulo
1078 419 1198 483 omittit,
1229 435 1314 498 quae
1348 419 1466 482 abesse
1499 438 1562 480 non
1586 421 1713 492 debent,
1744 428 1776 482 ut
1798 427 1957 503 proprium

170 513 202 542 ’”
297 523 360 586 boc
384 525 456 600 ejus
479 520 598 591 vitium,
622 536 686 578 uon
710 519 859 578 virtutem
884 535 963 578 csse
986 521 1093 598 quivis
1125 521 1290 602 intelligat.
1329 521 1433 596 erare
1457 527 1550 584 ctiam
1581 525 1624 586 ibi
1648 529 1773 587 cautius
1796 528 1957 608 agendum

299 629 370 700 erit,
392 625 445 686 ubi
466 623 558 684 salvo
581 640 685 683 sensu
708 621 748 680 ab
772 639 812 682 eo
835 640 902 681 vox
925 609 1044 682 abasse
1068 625 1203 701 possit.“
1244 623 1331 700 Quae
1355 631 1404 687 vir
1434 627 1640 692 doctissimus
1669 631 1818 712 exempla
1841 633 1956 693 verbo·

300 739 368 792 rum
391 736 548 808 tamquam
570 725 652 786 male
675 727 866 786 omissorum
895 724 1009 786 ibidem
1039 727 1178 799 contulit,
1209 729 1320 790 eadem
1351 731 1415 804 alii,
1449 733 1593 812 inprimis
1616 734 1875 796 Funlrbaenelius
1899 755 1958 798 ex·

300 840 475 915 posuerunt
496 833 677 892 rectissime
700 829 821 890 abesse
843 829 985 908 plurima.
1022 829 1087 892 Nec
1117 838 1237 893 temere
1266 836 1407 894 omissas
1439 853 1517 896 esse
1547 838 1720 916 particulas
1744 838 1802 911 καί,
1824 842 1888 914 μέν,
1911 841 1957 912 δέ,

301 933 529 1015 necoiotpm
553 930 746 1012 simpliciori
779 936 852 994 sino
881 935 1004 994 ratione
1034 933 1207 996 exhibitum
1234 935 1341 998 docuit
1369 939 1547 1002 Doberenz.
1572 939 1730 1002 Observv.
1756 943 1842 1004 llam.
1880 945 1956 1023 lpse

303 1059 363 1122 ego
387 1040 471 1113 olim,
494 1058 591 1121 quum
612 1045 755 1100 naturam
778 1037 847 1099 libri
870 1037 1007 1098 nondum
1023 1045 1242 1118 perscrutatus
1265 1059 1384 1116 essem,
1408 1061 1472 1104 non
1493 1047 1556 1104 nisi
1579 1044 1686 1106 timide
1702 1046 1846 1108 codicem
1863 1052 1955 1111 omit-

304 1154 421 1208 tentem
445 1144 616 1225 sequebar,
637 1127 985 1222 praeeuntibus'etiam
1010 1143 1154 1225 Kriigero
1178 1151 1209 1204 et
1233 1145 1469 1208 Klinkmtillero.
1501 1149 1557 1209 llic
1580 1152 1664 1209 enim
1699 1149 1819 1227 (Praei.
1842 1170 1873 1230 p.
1895 1153 1952 1229 Ill)

301 1251 488 1330 opinabatur
510 1247 662 1328 pleraque
692 1265 711 1307 e
732 1246 941 1328 negligentia,
973 1247 1134 1327 complura
1156 1247 1196 1309 da
1220 1249 1376 1312 industria
1404 1253 1527 1312 omissa
1550 1271 1628 1312 esse
1660 1253 1775 1314 librarii
1802 1253 1841 1316 ad
1866 1273 1956 1315 rese-

301 1355 435 1417 candum
458 1351 621 1432 proclivis.
649 1349 751 1425 Quare
775 1369 859 1431 quae
882 1353 954 1410 sine
977 1337 1163 1412 detrimento
1187 1357 1368 1416 sententiae
1393 1359 1518 1417 servari
1535 1360 1671 1435 possint,
1693 1358 1858 1419 retinenda
1874 1377 1954 1419 esse

300 1459 431 1522 mavult.
472 1439 634 1537 llrdgerus
665 1460 770 1524 autem
798 1457 929 1530 (Annot.
961 1455 1001 1518 ed
1024 1456 1100 1516 Phil.
1124 1457 1189 1536 lp.
1215 1459 1444 1538 26=Appnc
1468 1460 1501 1518 T.
1526 1461 1548 1516 ll
1576 1481 1606 1541 p.
1632 1463 1711 1538 ΠΙ)
1751 1480 1792 1522 ne
1826 1465 1954 1541 optimis
1999 1517 2000 1520 ,

300 1561 427 1645 quidem
450 1561 535 1621 libris
557 1559 610 1620 ubi
633 1558 708 1640 quid
731 1561 873 1620 omittant
896 1559 1135 1640 obsequendum
1159 1579 1238 1622 esse
1261 1565 1425 1637 censebat,
1449 1566 1512 1624 uisi
1539 1567 1714 1626 'rationibus
1738 1584 1865 1646 quoquo
1881 1585 1955 1646 pro-

299 1673 367 1734 bari
391 1667 493 1746 possit
514 1665 724 1724 omissionem
747 1681 810 1723 non
834 1680 853 1723 a
875 1664 1069 1726 librariorum
1103 1665 1303 1748 negligentia
1337 1667 1543 1746 repetendam
1578 1687 1666 1730 esse.
1706 1671 1803 1730 Recte
1827 1670 1952 1750 quidem

300 1776 366 1836 nisi
389 1773 465 1832 ratio
488 1767 631 1831 accedat.
668 1767 708 1828 At
729 1769 761 1828 in
777 1768 873 1850 longe
895 1769 1038 1848 pluribus
1068 1769 1150 1854 locis¹
1171 1773 1250 1830 ratio
1274 1778 1414 1851 apparat,
1443 1790 1498 1832 cur
1521 1777 1645 1834 omissa
1667 1776 1700 1834 in
1724 1775 1756 1832 Σ
1775 1776 1840 1834 sint
1864 1777 1954 1835 omit·
1993 1795 1995 1800 ·

300 1874 398 1938 tenda
419 1893 510 1956 quam
533 1874 586 1934 ubi
609 1889 687 1934 cura
709 1872 835 1934 scribae
858 1879 1012 1952 suspecta
1035 1881 1095 1934 est.
1134 1873 1198 1935 Sed
1220 1878 1371 1954 majorem
1403 1895 1496 1955 quam
1526 1896 1589 1956 ego
1620 1877 1714 1938 fldem
1737 1878 1839 1938 codici
1862 1884 1954 1939 omit-

301 1983 380 2044 tanti
400 1979 517 2040 babent
550 1975 826 2052 Funlrhoenettus,
856 1976 1032 2056 Sauppius,
1061 1978 1222 2052 Baiterus,
1253 1979 1404 2052 Halmius,
1439 1979 1619 2052 Scheibius,
1643 1982 1847 2062 Spengclius.
1885 1981 1951 2042 vid.

303 2083 402 2146 Praei.
426 2083 503 2144 Edit.
528 2083 629 2142 Turio.
651 2098 682 2159 p.
697 2081 734 2142 Il.
762 2079 945 2160 Disputatur
968 2083 1051 2143 euim
1074 2079 1113 2142 do
1136 2081 1268 2142 diversa
1291 2086 1477 2162 auctoritate
1493 2087 1613 2164 primae
1637 2083 1758 2147 codicis
1782 2103 1895 2146 manus
1920 2093 1953 2144 et

302 2187 552 2262 correctricibus.

384 2290 520 2352 Exhibet
541 2291 627 2350 enim
649 2288 753 2351 codex
775 2291 884 2350 varias
908 2281 1010 2352 variis
1031 2290 1178 2352 manibus
1202 2295 1234 2352 et
1249 2290 1408 2353 coloribus
1432 2291 1556 2354 additas
1579 2293 1747 2368 lectiones,
1770 2311 1853 2373 quas
1869 2292 1952 2353 Bak-

298 2393 399 2455 letus
423 2395 470 2454 sic
492 2392 619 2455 divisit:
1374 2405 1376 2412 ’

386 2518 432 2579 pr.
455 2501 488 2558 Σ
505 2517 555 2560 om
583 2522 617 2552 =
643 2500 743 2576 prima
764 2514 880 2558 manus
903 2498 1018 2572 omisit,
1042 2515 1125 2578 quae
1147 2504 1261 2578 postea
1284 2498 1430 2579 suppleta
1452 2507 1536 2562 sunt.
1571 2578 1574 2582 ¹

386 2625 450 2688 mg.
473 2606 506 2663 Σ
584 2627 618 2656 =
643 2602 797 2683 marginis
821 2608 873 2661 est
894 2603 1065 2687 scriptura.

201 2727 207 2736 “
312 2717 319 2728 “
385 2731 429 2772 rc.
474 2711 506 2768 Σ
583 2731 618 2762 .-.
644 2723 760 2767 recens
782 2722 897 2766 manus
919 2709 952 2766 in
975 2711 1065 2766 textu
1088 2723 1186 2786 supra
1208 2707 1322 2768 lineas.

386 2835 428 2877 rc.
445 2833 508 2897 mg.
524 2815 557 2871 Σ
583 2837 617 2866 =
645 2828 761 2872 recens
784 2827 898 2872 manus
921 2813 953 2870 in
976 2828 1076 2891 marg.

386 2922 429 2999 pp.
452 2921 484 2978 Σ
581 2941 615 2972 =
642 2916 734 3001 varia
760 2914 854 2976 lectio
885 2931 927 2974 ex
957 2915 1018 2976 alio
1052 2913 1162 2976 codice
1192 2920 1301 2995 petita.
1338 2915 1403 2978 llid.
1427 2915 1644 2978 Funkbacnel.
1670 2917 1720 2978 ‚lle
1742 2916 1820 2978 Pbil.
1843 2917 1885 2978 Ill
1909 2915 1950 2978 ad

299 3026 468 3087 Hermann.
492 3041 522 3102 p.
540 3023 569 3082 5.
606 3019 690 3081 Idem
711 3038 743 3098 p.
766 3017 787 3078 8
808 3021 953 3097 scripsit:
987 3019 1100 3090 ,‚l'atet
1123 3017 1275 3095 codicem,
1299 3022 1414 3102 quibus
1437 3021 1518 3082 locis
1541 3028 1617 3082 nota
1639 3020 1721 3082 baec
1744 3039 1854 3093 ,‚‚,om.
1870 3021 1950 3078 Σ““

299 3132 425 3210 appicta
441 3135 503 3198 est,
526 3125 626 3186 verba
641 3125 775 3186 oratoris
791 3141 834 3186 ex
857 3141 895 3182 eo
912 3122 1097 3203 exemplari,
1120 3125 1173 3204 qui
1196 3127 1267 3203 ejus
1290 3124 1364 3186 lons
1388 3143 1466 3186 esse
1483 3123 1617 3197 videtur,
1647 3127 1828 3203 incorrupte
1851 3143 1950 3184 exce-

298 3238 388 3315 pisse
413 3239 444 3294 et
467 3221 645 3292 servasse.'
678 3227 765 3290 ldem
793 3229 834 3288 iis
863 3227 944 3288 locis
971 3227 1090 3288 lactum
1118 3235 1179 3302 est,
1210 3229 1263 3290 ubi
1292 3227 1366 3290 illud
1395 3247 1503 3301 ‚‚,‚om.
1533 3248 1578 3308 pr.
1601 3229 1681 3286 Σ““
1713 3229 1838 3308 iegitur.
1884 3227 1949 3290 Sed

299 3357 382 3420 quaa
399 3337 500 3418 prima
520 3352 616 3394 manu
636 3333 764 3406 librarii,
787 3333 841 3412 qui
864 3350 907 3392 ex
928 3332 981 3392 illo
1004 3333 1226 3412 antiquissimo
1250 3332 1360 3395 codice
1389 3336 1549 3394 orationes
1572 3335 1605 3394 in
1629 3334 1802 3392 Parisiensi
1827 3330 1949 3392 descri-

299 3446 372 3524 psit,
396 3441 519 3502 omissa
541 3444 641 3510 erant,
663 3443 778 3518 postea
801 3455 844 3496 ex
866 3435 928 3497 alio
951 3435 1125 3515 exemplari
1153 3427 1224 3498 cunr
1245 3437 1419 3498 Parisiensi
1443 3437 1555 3498 collato
1579 3435 1685 3496 addita
1707 3442 1791 3496 sunt.
1833 3437 1948 3498 lterum

300 3547 403 3610 codex
426 3545 532 3605 aliena
553 3559 649 3602 manu
672 3543 803 3602 vitiatus
826 3546 887 3614 est,
918 3557 1001 3620 quae
1023 3557 1063 3602 ea
1086 3539 1211 3619 adjecit,
1234 3541 1556 3620 quorumnotahaec
1581 3548 1630 3600 est
1662 3559 1754 3613 ‚‚,‚rc.
1778 3559 1841 3620 mg.
1865 3541 1948 3598 Σ““

301 3658 333 3709 et
359 3667 450 3722 ‚‚,‚rc.
473 3647 567 3706 Σ““.
603 3645 713 3723 ltaque
736 3645 785 3704 bis
809 3645 1003 3706 Parisiensis
1029 3643 1107 3704 liber
1136 3662 1263 3706 manum
1287 3645 1434 3719 alienam,
1464 3663 1559 3724 quiam
1589 3644 1736 3724 equidem
1759 3643 1948 3705 emendatri-

300 3769 370 3814 cem
392 3772 454 3814 non
471 3751 616 3824 dixerim,
642 3749 795 3828 expertus
811 3754 903 3810 est.“
932 3747 1070 3808 llerrdam
1090 3747 1158 3808 fere
1180 3749 1324 3830 regulam
1339 3750 1533 3810 Turicenses
1550 3748 1671 3826 (Praei.
1687 3767 1717 3828 p.
1731 3748 1784 3824 Vl)
1805 3765 1947 3828 sequun-

297 3866 347 3920 tur
369 3856 467 3918 banc:
495 3856 640 3935 „Ubique
661 3853 829 3938 diligenter
851 3851 1021 3914 videndum
1052 3857 1113 3926 est,
1147 3851 1222 3933 quid
1244 3855 1386 3932 primitus
1416 3857 1448 3914 iu
1471 3854 1646 3914 Parisieusi
1668 3855 1818 3932 scriptum
1843 3852 1946 3914 luerit.
1979 3877 1984 3890 ·

297 3961 385 4024 llaec
408 3961 500 4023 iidem
527 3959 654 4032 habent,
681 3957 803 4037 reliqua
831 3951 895 4017 tum
924 3956 1048 4018 demum
1071 3959 1103 4017 in
1133 3957 1283 4018 auxilium
1313 3959 1422 4018 vocari
1453 3963 1584 4036 oportet,
1615 3960 1645 4018 si
1677 3957 1731 4018 illa
1752 3957 1848 4036 plane
1872 3956 1946 4018 ferri

298 4081 362 4126 non
382 4070 552 4144 possunt.“
581 4063 627 4124 Cf.
643 4060 838 4124 funlrbanel.
861 4064 892 4121 in
910 4061 991 4122 [liar.
1007 4063 1111 4140 Antiq.
1136 4059 1215 4120 1847
1238 4079 1268 4139 p.
1286 4061 1346 4121 loo
1363 4079 1413 4142 sq.
1443 4061 1506 4122 Nos
1530 4063 1735 4122 correctionis
1759 4063 1946 4122 varietatem

298 4167 473 4231 secundum
496 4173 634 4230 aetatem
656 4172 806 4228 accurata
828 4164 1042 4254 discrevimus
1064 4181 1128 4224 non
1152 4171 1296 4226 nostrum
1319 4165 1420 4226 solum
1432 4165 1585 4244 judicium
1610 4167 1862 4244 pronuntiantes.
1899 4165 1947 4226 Ex

296 4273 389 4336 llasii
410 4273 594 4350 peritissimi
620 4271 776 4350 colloquio
803 4287 897 4351 quae,
928 4285 1023 4348 quum
1053 4269 1200 4332 manibus
1230 4275 1263 4330 el
1289 4269 1392 4330 oculis
1421 4263 1564 4330 codicem
1590 4276 1809 4343 tractaremus,
1839 4268 1914 4348 prol
1931 4301 1947 4313 ·

296 4381 448 4446 serimus,
468 4379 509 4436 iis
527 4377 609 4438 alios
632 4379 775 4455 privatos
799 4392 877 4436 esse
899 4374 1056 4434 nolumus.

383 4479 603 4560 Calligrapbus
632 4483 728 4561 igitur
757 4486 891 4558 uterque
920 4493 982 4538 sua
1010 4483 1076 4537 arte
1107 4479 1248 4536 intentus
1270 4475 1391 4550 literae,
1420 4476 1575 4557 syllabas,
1595 4476 1695 4536 verba
1717 4493 1944 4556 nonnunquam

295 4589 432 4658 vitiavit,
461 4583 616 4666 neglexit,
652 4587 767 4646 omisit.
803 4586 891 4646 initio
925 4581 1060 4660 alicujus
1091 4583 1252 4654 orationis,
1279 4580 1332 4641 vel
1367 4583 1463 4642 etiam
1491 4584 1587 4642 totius
1611 4580 1731 4641 codicis
1754 4581 1844 4660 plura
1867 4582 1945 4640 vitia

296 4695 473 4768 occurrunt,
502 4707 598 4772 quam
629 4689 738 4752 labore
759 4703 935 4770 progresso
964 4692 996 4746 et
1023 4686 1135 4764 peritia
1163 4691 1342 4749 crescente.
1381 4685 1532 4746 Nonnulla
1563 4684 1776 4765 calligraphus
1806 4689 1945 4746 correxit
